% ============ Teoría de números =======================
@book{gauss:disquisitiones,
	title={Disquisitiones Arithmeticae},
	author={Gauss, Carl Friedrich},
	year={1801},
	url={https://archive.org/details/disquisitiones-arithmeticae-carl-f.-gauss-espanol},
	translator={Ruiz Zúñiga, Angel},
	publisher={Universidad de Costa Rica},
	keywords={number-theory}
}
@article{said:teoria,
	title={Teoría de Números para Olimpíadas Matemáticas},
	author={Said, José Heber Nieto},
	journal={Asociación Venezolana de Competencias Matemáticas: Caracas},
	year={2014},
	keywords={}
}
@book{andreescu:104,
	title={104 number theory problems: from the training of the USA IMO team},
	author={Andreescu, Titu and Andrica, Dorin and Feng, Zuming},
	year={2007},
	publisher={Springer Science \& Business Media},
	keywords={number-theory}
}
@book{niven:introduccion,
	title={Introducción a la Teoría de los Números},
	author={Niven, Ivan and Zuckerman, Herbert S and Pérez Castellanos, José Hernán and others},
	year={1969},
	keywords={}
}
@book{jimenez:numeros,
	author = {Jiménez B., Luis R. and Gordillo A., Jorge E. and Rubiano O., Gustavo N.},
	title = {Teoría de números},
	year = {2004},
	subtitle = {Para principiantes},
	edition = {2},
	publisher = {Pro–Offset},
	url = {http://ciencias.uis.edu.co/conjuntos/doc/Tmerospaprinci.pdf},
	keywords={}
}
@book{khinchin:fractions,
	author={A Khinchin},
	title={Continued Fractions},
	year={1964},
	publisher={University of Chicago Press},
	keywords={number-theory}
}
@book{pollack:buried,
	author={Paul Pollack},
	title={Not Always Buried Deep},
	year={2009},
	publisher={American Mathematical Society},
	keywords={number-theory}
}
@book{niven:irrational,
	author={Ivan Niven},
	title={Irrational Numbers},
	year={1956},
	publisher={Mathematical Association of America},
	keywords={number-theory}
}
@book{nathanson:elementary_number,
	author={Melvyn B. Nathanson},
	title={Elementary Methods in Number Theory},
	year={2000},
	publisher={Springer-Verlag New York},
	keywords={number-theory}
}
@book{hua:number,
	author={Hua, Loo-Keng},
	title={Introduction to Number Theory},
	year={1982},
	publisher={Springer-Verlag Berlin Heidelberg},
	keywords={number-theory}
}
@book{edwards:fermat,
	author={Harold M. Edwards},
	title={Fermat's Last Theorem},
	subtitle={A Genetic Introduction to Algebraic Number Theory},
	year={1977},
	publisher={Springer-Verlag},
	series={{G}raduate {T}exts in {M}athematics},
	number={50},
	keywords={number-theory}
}
@book{ribenboim:fermat,
	author={Paulo Ribenboim},
	title={Fermat's Last Theorem for Amateurs},
	year={1999},
	publisher={Springer-Verlag New York},
	keywords={number-theory}
}
@book{mordell:diophantine,
	author={L. J. Mordell},
	title={Diophantine Equations},
	year={1969},
	publisher={Academic Press},
	keywords={number-theory}
}
@book{serre:arithmetic,
	author={Jean-Pierre Serre},
	title={A course in arithmetic},
	year={1973},
	publisher={Springer-Verlag}
}

@book{arakawa:bernoulli,
	author={Tsuneo Arakawa and Tomoyoshi Ibukiyama and Masanobu Kaneko},
	title={Bernoulli Numbers and Zeta Functions},
	year={2014},
	publisher={Springer Japan}
}

@book{cox:primes,
	author={David A. Cox},
	title={Primes of the form {$x^2 + ny^2$}},
	edition={3},
	year={2020},
	publisher={American Mathematical Society}
}

@book{burton:elementary,
	author={David M. Burton},
	title={Elementary Number Theory},
	year={1991},
	publisher={McGraw-Hill}
}
@book{andreescu:problems,
	author={Titu Andreescu and Dorin Andrica},
	title={Number Theory},
	year={2009},
	publisher={Birkhäuser}
}

@book{dedekind:zahlen,
	author={Richard Dedekind},
	title={Was sind und was sollen die Zahlen?},
	year={1888},
	publisher={Braunschweig},
	keywords={number-theory}
}
@article{euler:quadratorum,
	author={Leonhard Euler},
	title={De numeris, qui sunt aggregata duorum quadratorum},
	journaltitle={Novi Commentarii academiae scientiarum Petropolitanae},
	volume={5},
	pages={3-40},
	url={https://scholarlycommons.pacific.edu/euler-works/228/},
	year={1758},
	keywords={number-theory}
}
@article{deBessy:rectangles,
	author={de Bessy, Frénicle},
	title={Traité des triangles rectangles en nombres},
	journaltitle={Mémoires de l'Académie royale des sciences},
	url={https://www.biodiversitylibrary.org/item/81352#page/29/mode/1up},
	year={1676},
	keywords={number-theory}
}
@article{euler:arithmeticorum,
	author={Leonhard Euler},
	title={Theorematum quorundam arithmeticorum demonstrationes},
	journaltitle={Commentarii academiae scientiarum Petropolitanae},
	volume={10},
	pages={125-146},
	url={https://scholarlycommons.pacific.edu/euler-works/98/},
	year={1747},
	keywords={number-theory}
}
@mvbook{euler:algebra,
	author={Leonhard Euler},
	title={Vollständige Anleitung zur Algebra},
	volumes={2},
	year={1770},
	publisher={St. Petersburg: Imperial Academy of Sciences},
	url={https://scholarlycommons.pacific.edu/euler-works/387/},
	keywords={number-theory}
}
@article{kausler:nova,
	author={C. F. Kausler},
	title={Nova demonstratio theorematis nec summam, nec differentiam duorum cuborum cubum esse posse},
	journaltitle={Novi Acta Acad. Petrop.},
	volume={13},
	pages={245-253},
	year={1802},
}
@inbook{gauss:complexen,
	author={Carl Friedrich Gauss},
	title={Zur Theorie der Complexen Zahlen},
	booktitle={Werke},
	doi={10.1017/CBO9781139058230.016},
	year={1863},
	publisher={Cambridge University Press},
	pages={387-398},
}
@inbook{dirichlet:cinquieme,
	author={Gustav Lejeune Dirichlet},
	title={Mémoire sur l'impossibilité de quelques Équations indéterminées du cinquième degré},
	booktitle={G. Lejeune Dirichlet's Werke},
	editor={Leopold Kronecker},
	year={1889},
	publisher={Cambridge University Press},
	pages={1-20},
	doi={10.1017/CBO9781139237338.003}
}
@book{legendre:nombres,
	author={Adrien-Marie Legendre},
	title={Théorie des nombres},
	year={1830},
	publisher={Firmin Didot Fréres},
	edition={3}
}

@book{dickson:zahlentheorie,
	author={L. E. Dickson},
	title={Algebren und ihre Zahlentheorie},
	year={1927},
	publisher={Zurich u. Leipzig}
}
@article{motzkin:euclidean,
	author={T. Motzkin},
	title={The Euclidean algorithm},
	journaltitle={Bull. Amer. Math. Soc.},
	doi={10.1090/S0002-9904-1949-09344-8},
	year={1949}
}
@article{perron:quadratische,
	author={Oskar Perron},
	title={Quadratische Zahlkörper mit Euklidischem Algorithmus},
	journaltitle={Math. Ann.},
	volume={107},
	pages={489–495},
	doi={10.1007/BF01448906},
	year={1933},
}

@article{oppenheim:quadratic,
	author={Alexander Oppenheim},
	title={Quadratic fields with and without Euclid's algorithm},
	journaltitle={Math. Ann.},
	volume={109},
	pages={349–352},
	doi={10.1007/BF01449143},
	year={1934}
}
@article{remak:quadratischen,
	author={Robert Remak},
	title={Über den Euklidischen Algorithmus in reellquadratischen Zahlkörpern},
	journaltitle={Jahresbericht der Deutschen Mathematiker-Vereinigung},
	volume={44},
	pages={238-250},
	url={https://eudml.org/doc/146043},
	year={1934},
}
@article{redei:quadratischen,
	author={L. Rédei},
	title={Zur Frage des Euklidischen Algorithmus in quadratischen Zahlkörpern},
	journaltitle={Math. Ann.},
	volume={118},
	pages={588-608},
	doi={10.1007/BF01487388},
	year={1941},
}
@article{barnes:inhomogeneous_i,
	author={E. S. Barnes and H. P. F. Swinnerton-Dyer},
	title={The inhomogeneous minima of binary quadratic forms (I)},
	journaltitle={Acta Math.},
	volume={87},
	pages={259–323},
	doi={10.1007/BF02392288},
	year={1952}
}
@article{inkeri:quadratischen,
	author={Kustaa Inkeri},
	title={Über den Euklidischen Algorithmus in quadratischen Zahlkörpern},
	journaltitle={Ann. Acad. Scient. Fennicae},
	volume={41},
	pages={1-35},
	year={1947},
}
@article{chatland:quadratic,
	author={H. Chatland and H. Davenport},
	title={Euclid's Algorithm in real Quadratic Fields},
	journaltitle={Canadian Journal of Mathematics},
	volume={2},
	pages={289-296},
	doi={10.4153/CJM-1950-026-7},
	year={1950}
}

@article{hensel:begrundung,
	author={Kurt Hensel},
	title={Über eine neue Begründung der Theorie der algebraischen Zahlen},
	journaltitle={Jahresbericht der Deutschen Mathematiker-Vereinigung},
	url={https://eudml.org/doc/144593},
	year={1897}
}
@article{hensel:arithmetik,
	author={Kurt Hensel},
	title={Neue Grundlagen der Arithmetik},
	journaltitle={J. Reine Angew. Math.},
	url={https://eudml.org/doc/149178},
	year={1904}
}
@article{kurschak:korpertheorie,
	author={Josef Kürschák},
	title={Über Limesbildung und allgemeine Körpertheorie},
	journaltitle={J. Reine Angew. Math.},
	doi={10.1515/crll.1913.142.211},
	year={1913}
}
@article{ostrowski:funktionalgleichung,
	author={Alexander Ostrowski},
	title={Über einige Lösungen der Funktionalgleichung {$\varphi(x)\cdot\varphi(y) = \varphi(xy)$}},
	journaltitle={Acta Math.},
	volume={41},
	pages={271–284},
	doi={10.1007/BF02422947},
	year={1918},
}
@book{newton:correspondence_ii,
	author={Isaac Newton},
	title={The Correspondence of Isaac Newton},
	volume={2},
	editor={H. W. Turnbull},
	year={1960},
	publisher={Cambridge University Press}
}
@article{rychlik:beitrag,
	author={Karel Rychlík},
	title={Beitrag zur Körpertheorie},
	journaltitle={\v Casopis},
	volume={48},
	year={1919},
	pages={145-165}
}
@article{rychlik:bewertungstheorie,
	author={Karel Rychlík},
	title={Zur Bewertungstheorie der algebraischen Körper},
	journaltitle={J. Reine Angew. Math.},
	volume={153},
	year={1924},
	pages={94-107}
}
@article{ostrowski:arthmetischen,
	author={Alexander Ostrowski},
	title={Untersuchungen zur arthmetischen Theorie der Körper. Die Theorie der Teilbarkeit in allgemeinen Körpern},
	journaltitle={Mathematische Zeitschrift},
	volume={39},
	pages={269-320},
	doi={10.1007/BF01201361},
	year={1935}
}
@article{ostrowski:dirichletschen,
	author={Alexander Ostrowski},
	title={Über algebraische Funktionen von Dirichletschen Reihen},
	journaltitle={Mathematische Zeitschrift},
	volume={37},
	pages={98-133},
	doi={10.1007/BF01474566},
	year={1933}
}
@article{rella:polynombereichen,
	author={T. Rella},
	title={Ordnungsbestimmungen in Polynombereichen},
	journaltitle={J. Reine Angew. Math.},
	volume={158},
	pages={33-48},
	year={1927}
}
@article{ostrowski:fragen,
	author={Alexander Ostrowski},
	title={Über einige Fragen der allgemeinen Körpertheorie},
	journaltitle={J. Reine Angew. Math.},
	volume={143},
	pages={255-284},
	year={1913}
}
@article{ostrowski:perfekte,
	author={Alexander Ostrowski},
	title={Über sogenannte perfekte Körper},
	journaltitle={J. Reine Angew. Math.},
	volume={147},
	pages={191-204},
	year={1917}
}


@article{ochem2012perfect,
	author={Pascal Ochem and Michaël Rao},
	title={Odd perfect numbers are greater than {$10^{1500}$}},
	journaltitle={Math. Comp.},
	volume={81},
	pages={1869-1877},
	doi={10.1090/S0025-5718-2012-02563-4},
	year={2012}
}
@article{keller05weiferich,
	author={Wilfrid Keller and Jörg Richstein},
	title={Solutions of the congruence {$a^{p-1} \equiv 1 \pmod{p^r}$}},
	journaltitle={Math. Comp.},
	volume={74},
	pages={927-936},
	url={www.jstor.org/stable/4100096},
	year={2005}
}
@misc{desouza2018odd,
      title={Where do odd perfect numbers live?}, 
      author={de Souza, Aldi Nestor},
      year={2018},
      eprint={1801.06182},
      archivePrefix={arXiv},
      primaryClass={math.NT}
}
@article{richter21PNT,
	author={Florian K. Richter},
	title={A new elementary proof of the Prime Number Theorem},
	journaltitle={Bull. London Math. Soc.},
	volume={53},
	pages={1365-1375},
	doi={10.1112/blms.12503},
	year={2021}
}

@article{beukers79irrationality,
	author={F. Beukers},
	title={A Note on the Irrationality of {$\zeta(2)$} and {$\zeta(3)$}},
	journaltitle={Bull. London Math. Soc.},
	volume={11},
	pages={268-272},
	doi={10.1112/blms/11.3.268},
	year={1979}
}
@incollection{apery79irrationalite,
     author = {Apéry, Roger},
     title = {Irrationalité de {$\zeta(2)$} et {$\zeta(3)$}},
     booktitle = {Journées Arithmétiques de Luminy},
     series = {Astérisque},
     publisher = {Société mathématique de France},
     number = {61},
     year = {1979},
     zbl = {0401.10049},
     mrnumber = {3363457},
     % language = {fr},
     url = {http://www.numdam.org/item/AST_1979__61__11_0/}
}

@misc{soundararajan2020bertrands,
      title={Bertrand's postulate and the existence of finite fields}, 
      author={K. Soundararajan},
      year={2020},
      eprint={2007.01389},
      archivePrefix={arXiv},
      primaryClass={math.NT}
}

@book{weil:history,
	author={André Weil},
	title={Number theory},
	subtitle={An approach through history, from Hammurapi to Legendre},
	year={1906},
	publisher={Birkhäuser Boston},
	keywords={number-theory, history}
}
@book{ebbinghaus:numbers,
	% author={Heinz-Dieter Ebbinghaus and others},
	author={Heinz-Dieter Ebbinghaus and Hans Hermes and Friedrich Hirzebruch and Max Koecher and Klaus Mainzer and Jürgen Neukirch and Alexander Prestel},
	title={Numbers},
	year={1991},
	publisher={Springer-Veriag New York},
	keywords={number-theory, history}
}
@mvbook{dickson:numbers,
	author={Leonard Eugene Dickson},
	title={History of the Theory of Numbers},
	volumes={3},
	year={1923},
	publisher={Chelsea Publishing Company},
	keywords={number-theory, history}
}
@book{brieskorn:curves,
	author={Egbert Brieskorn and Horst Knorrer},
	translator={John Stillwell},
	title={Plane Algebraic Curves},
	year={1981},
	publisher={Birkhäuser Verlag}
}
@inproceedings{williams:pell,
	author={H. C. Williams},
	title={Solving the Pell Equation},
	pages={397-436},
	booktitle={Number Theory for the Millennium},
	volume={3},
	editor={M. A. Bennett and B.C Berndt and N. Boston and H. G. Diamond and A. J. Hildebrand and W. Philipp},
	year={2002},
	publisher={CRC Press}
}

@book{chan:analytic,
	author={Heng Huat Chan},
	title={Analytic Number Theory for Undergraduates},
	year={2009},
	publisher={World Scientific Publishing},
	keywords={analytic_number_theory}
}
@book{bateman:analytic,
	author={Paul T. Bateman and Harold G. Diamond},
	title={Analytic Number Theory},
	year={2004},
	publisher={World Scientific Publishing},
	keywords={analytic_number_theory}
}
@book{overholt:analytic,
	author={Marius Overholt},
	title={A Course in Analytic Number Theory},
	year={2015},
	publisher={American Mathematical Society},
	keywords={analytic_number_theory}
}
@book{tenenbaum:analytic,
	author={Gérald Tenenbaum},
	title={Introduction to analytic and probabilistic number theory},
	year={1990},
	publisher={Cambridge University Press},
	keywords={analytic_number_theory}
}
@book{hlawka:number,
	author={Edmund Hlawka and Johannes Schoißengeier and Rudolf Taschner},
	title={Geometric and Analytic Number Theory},
	year={1991},
	publisher={Springer-Verlag}
}

@book{clark:geometry_num,
	author={Pete L. Clark},
	title={Geometry of numbers with applications to Number Theory},
	year={2015},
	url={http://alpha.math.uga.edu/~pete/geometryofnumbers.pdf}
}
@book{schmidt80diophantine,
	author={Wolfgang M. Schmidt},
	title={Diophantine Approximation},
	year={1980},
	publisher={Springer-Verlag},
	series={{L}ecture {N}otes in {M}athematics},
	number={785}
}

@book{granville:masterclass,
	author={Andrew Granville},
	title={Number Theory Revealed},
	subtitle={A Masterclass},
	year={2020},
	publisher={American Mathematical Society}
}

@book{shorey:exponential,
	author={Tarlok N. Shorey and Robert Tijdeman},
	title={Exponential diophantine equations},
	year={1986},
	publisher={Cambridge University Press},
	series={Cambridge Tracts in Mathematics},
	number={87}
}
@book{evertse:unit,
	author={Jan-Hendrik Evertse and Kálmán Győry},
	title={Unit Equations in Diophantine Number Theory},
	year={2016},
	publisher={Cambridge University Press},
	series={Cambridge Studies in Advanced Mathematics},
	number={146}
}

@article{brindza87catalan,
	author={B. Brindza},
	title={On {$S$}-integral solutions of the Catalan equation},
	journaltitle={Acta Arithmetica},
	volume={48},
	pages={397-412},
	doi={10.4064/aa-48-4-397-412 },
	year={1987}
}
@article{koymans2017catalan,
	author={P.H. Koymans},
	title={The Catalan equation},
	journaltitle={Indagations Math.},
	volume={28},
	pages={321-352},
	doi={10.1016/j.indag.2016.08.001},
	year={2017}
}

@book{baker:transcendental,
	author={Baker, Alan},
	title={Transcendental number theory},
	publisher={Cambridge University Press},
	date={1975},
	review={\MR{0422171}}
}
@book{waldschmidt:diophantine,
	author={Michel Waldschmidt},
	title={Diophantine Approximation on Linear Algebraic Groups},
	year={2000},
	publisher={Springer-Verlag},
	series={Grundlehren der mathematischen Wissenschaften},
	number={326},
}
@book{lang:transcendental,
	author={Serge Lang},
	title={Introduction to transcendental numbers},
	year={1966},
	publisher={Addison-Wesley}
}

@article{bertrand1980elliptic,
	author={Bertrand, Daniel and Masser, David},
	title={Linear forms in elliptic integrals},
	journaltitle={Invent. Math.},
	volume={58},
	pages={283-288},
	doi={10.1007/BF01390255},
	year={1980}
}

@proceedings{cassels:algebraic,
	editor={John William Scott Cassels and Albrecht Fröhlich},
	title={Algebraic Number Theory},
	year={1967},
	publisher={Academic Press},
	keywords={algebraic_number_theory}
}
@inproceedings{cassels67global,
	author={John William Scott Cassels},
	title={Global fields},
	crossref={cassels:algebraic},
	pages={42-84}
}
@inproceedings{hasse67history,
	author={Helmut Hasse},
	title={History of Class Field Theory},
	crossref={cassels:algebraic},
	pages={305-347}
}
@inproceedings{tate67fourier,
	author={John Tate},
	title={Fourier analysis in number fields, and Hecke's zeta-functions},
	crossref={cassels:algebraic},
	pages={305-347}
}

@article{takagi20zahlenkorpers,
	author={Teiji Takagi},
	title={Über eine Theorie des relativ-Abel'schen Zahlkörpers},
	journaltitle={J. Coll. Sci. imp. Univ. Tokyo},
	volume={41},
	pages={1-133},
	year={1920}
}
@article{takagi22reziprozitat,
	author={Teiji Takagi},
	title={Über das Reziprozitätsgesetz in einem beliebigen algebraischen Zahlkörpers},
	journaltitle={J. Coll. Sci. imp. Univ. Tokyo},
	volume={44},
	pages={1-50},
	year={1922}
}
@article{artin1924Lreihen,
	author={Emil Artin},
	title={Über eine neue Art von L-Reihen},
	journaltitle={Abh. Math. Semin. Univ. Hamburg},
	volume={3},
	pages={89-108},
	year={1924}
}
@article{artin1927reziprozitat,
	author={Emil Artin},
	title={Beweis des allgemeinen Reziprozitätsgesetzes},
	journaltitle={Abh. Math. Semin. Univ. Hamburg},
	volume={5},
	pages={46-51},
	year={1927}
}
@article{schmidt30klassenkorper,
	author={F. K. Schmidt},
	title={Zur Klassenkörpertheorie im Kleinen},
	journaltitle={J. reine angew. Math.},
	volume={162},
	pages={155-168},
	doi={10.1515/crll.1930.162.155},
	year={1930}
}
@article{chevalley33normique,
	author={Claude Chevalley},
	title={La théorie du symbote de restes normiques},
	journaltitle={J. reine angew. Math.},
	volume={169},
	pages={140-157},
	doi={10.1515/crll.1933.169.140},
	year={1933}
}
@article{herbrand31decomposition,
	author={Jacques Herbrand},
	title={Sur la théorie des groupes de décomposition, d'inertie et de ramification},
	journaltitle={J. Math. pures appl.},
	volume={10},
	pages={481-498},
	year={1931}
}
@article{herbrand32genre,
	author={Jacques Herbrand},
	title={Sur les théorèmes du genre principal et des idéaux principaux},
	journaltitle={Abh. Math. Semin. Univ. Hamburg},
	volume={9},
	pages={84-92},
	year={1932}
}

@article{kronecker1853gleichungen,
	author={Leopold Kronecker},
	title={Über die algebraisch auflösbaren Gleichungen I},
	journaltitle={Sber. preuss. Akad. Wiss.},
	pages={365-374},
	year={1853}
}
@article{weber86abelschen,
	author={H. Weber},
	title={Theorie der Abel'schen Zahlkorper I},
	journaltitle={Acta math. Stockh.},
	volume={8},
	pages={193-263},
	year={1886}
}
@article{weber87abelschen_ii,
	author={H. Weber},
	title={Theorie der Abel'schen Zahlkorper II},
	journaltitle={Acta math. Stockh.},
	volume={9},
	pages={105-130},
	year={1887}
}
@article{hilbert1896kronecker,
	author={David Hilbert},
	title={Ein neuer Beweis des Kronecker'schen Fundamentalsatzes über Abel'sche Zahlkörper},
	journaltitle={Nachr. Ges. Wiss. Göttingen},
	pages={29-39},
	url={https://eudml.org/doc/58336},
	year={1896}
}
@article{neumann81kronecker,
	author={Olaf Neumann},
	title={Two proofs of the Kronecker-Weber theorem {``}according to Kronecker, and Weber{''}},
	journaltitle={J. reine angew. Math.},
	volume={323},
	pages={105-126},
	doi={10.1515/crll.1981.323.105},
	year={1981}
}

@book{weiss:algebraic,
	author={Edwin Weiss},
	title={Algebraic Number Theory},
	year={1963},
	publisher={McGraw-Hill},
	keywords={algebraic_number_theory}
}
@book{lang:algebraic,
	author={Serge Lang},
	title={Algebraic Number Theory},
	year={1970},
	publisher={Addison-Wesley},
	keywords={algebraic_number_theory}
}
@book{janusz:algebraic,
	author={Gerald J. Janusz},
	title={Algebraic Number Fields},
	year={1973},
	edition={2},
	publisher={American Mathematical Society},
	series={{G}raduate {S}tudies in {M}athematics},
	number={7},
	keywords={algebraic_number_theory}
}
@book{neukirch:algebraic,
	author={Jürgen Neukirch},
	translator={Norbert Schappacher},
	title={Algebraic Number Theory},
	year={1992},
	publisher={Springer-Verlag Berlin Heidelberg},
	keywords={algebraic_number_theory}
}
@book{swinnerton-dyer:brief_guide,
	author={H. P. F. Swinnerton-Dyer},
	title={A Brief Guide to Algebraic Number Theory},
	year={2001},
	publisher={Cambridge University Press},
	series={{L}ondon {M}athematical {S}ociety {S}tudent {T}exts},
	number={50}
}
@book{milne:ANT,
	author={James S. Milne},
	title={Algebraic Number Theory},
	url={https://www.jmilne.org/math/CourseNotes/ant.html},
	date={2020-05-19}
}
@book{milne:class,
	author={James S. Milne},
	title={Class Field Theory},
	url={https://www.jmilne.org/math/CourseNotes/FT.pdf},
	date={2020-08-06}
}
@book{rosen:funct_fld,
	author={Michael Rosen},
	title={Number Theory in Function Fields},
	year={2002},
	publisher={Springer-Verlag}
}

@book{harari:class,
	author={David Harari},
	title={Galois Cohomology and Class Field Theory},
	year={2020},
	publisher={Springer-Verlag}
}
@book{serre:local_fld,
	author={Jean-Pierre Serre},
	translator={Marvin Jay Greenberg},
	title={Local fields},
	year={1980},
	publisher={Springer-Verlag}
}
@book{serre:galois,
	author={Jean-Pierre Serre},
	title={Cohomologie Galoisienne},
	edition={5},
	year={1997},
	publisher={Springer},
	series={{L}ecture {N}otes in {M}athematics},
	number={5},
}

@book{washington:cyclotomic,
	author={Lawrence C. Washington},
	title={Introduction to Cyclotomic Fields},
	year={1982},
	series={{G}raduate {T}exts in {M}athematics},
	number={83},
	publisher={Springer-Verlag New York}
}

@book{bombieri:heights,
	author={Enrico Bombieri and Walter Gubler},
	title={Heights in Diophantine Geometry},
	year={2006},
	publisher={Cambridge University Press},
}
@book{lang:diophantine,
	author={Serge Lang},
	title={Fundamentals of Diophantine Geometry},
	year={1983},
	publisher={Springer-Verlag}
}
@book{serre:mordell-weil,
	author={Jean-Pierre Serre},
	title={Lectures on the Mordell-Weil theorem},
	year={1997},
	publisher={Friedrick Vieweg {\&} Son}
}

@article{siegel29diophantischer,
	author={Carl Ludwig Siegel},
	title={Über einige Anwendungen diophantischer Approximationen},
	journaltitle={Abh. Preuß. Akad. Wissen. Phys.-math. Klasse},
	pages={209-266},
	year={1929}
}
@book{minkowski1896geometrie,
	author={Hermann Minkowski},
	title={Geometrie der Zahlen},
	year={1896},
	publisher={Leipzig und Berlin}
}
@article{bombieri83siegel,
	author={Enrico Bombieri and Jeffrey D. Vaaler},
	title={On Siegel's Lemma},
	journaltitle={Invent. Math.},
	volume={73},
	pages={11-32},
	doi={10.1007/BF01393823},
	year={1983}
}

@article{pasten2024n2+1,
	author={Héctor Pastén},
	title={The largest prime factor of {$n^2+1$} and improvements on subexponential {$ABC$}},
	journaltitle={Invent. math.},
	volume={236},
	pages={373-385},
	doi={10.1007/s00222-024-01244-6},
	year={2024}
}
@article{murty2013modular,
	author={Ram Murty, M. and Héctor Pastén},
	title={Modular forms and effective Diophantine approximation},
	journaltitle={J. Number Th.},
	volume={133},
	pages={3739-3754},
	doi={10.1016/j.jnt.2013.05.006},
	year={2013}
}
@article{pasten2023shimura,
	author={Héctor Pastén},
	title={Shimura curves and the {$abc$} conjecture},
	journaltitle={J. Number Theory},
	volume={254},
	pages={214-335},
	doi={10.1016/j.jnt.2023.07.002},
	year={2023}
}

@article{stewart1991abc,
	author={C.L. Stewart and Kunrui Yu},
	title={On the {$abc$} conjecture I, II},
	journaltitle={Math. Ann.},
	volume={291},
	year={1991},
	% number={2},
	pages={225-230},
	% issn={0025-5831},
	review={\MR{1129361}},
	doi={10.1007/BF01445201}
}
@article{stewart2001abc_ii,
	author={C.L. Stewart and Kunrui Yu},
	title={On the {$abc$} conjecture II},
	journaltitle={Duke Math. J.},
	volume={108},
	pages={169-181},
	doi={10.1215/S0012-7094-01-10815-6},
	year={2001}
}
@article{stewart1986oesterle,
	author={Stewart, C. L. and Tijdeman, Robert},
	title={On the Oesterl{é}-Masser conjecture},
	journal={Monatsh. Math.},
	volume={102},
	date={1986},
	% number={3},
	pages={251-257},
	% issn={0026-9255},
	review={\MR{0863221}},
	doi={10.1007/BF01294603}
}

@article{chowla34largest,
	author={S. Chowla},
	title={The Greatest Prime Factor of {$x^2+1$}},
	journaltitle={J. London Math. Soc.},
	volume={10},
	pages={117-120},
	doi={10.1112/jlms/s1-10.1.117},
	year={1934}
}
@article{mahler33grossten,
	author={Kurt Mahler},
	title={Über den grössten Primteiler der Polynome {$x^2 \mp 1$}},
	journaltitle={Archiv Math. og. Naturv.},
	volume={41},
	pages={3-8},
	year={1933}
}
@article{shorey76greatest,
	author={T. N. Shorey and R. Tijdeman},
	title={On the greatest prime factors of polynomials at integer points},
	journaltitle={Comp. Math.},
	volume={33},
	pages={187-195},
	url={www.numdam.org/item/CM_1976__33_2_187_0/},
	year={1976}
}
@article{schinzel67gelfond,
	author={Andrzej Schinzel},
	title={On two theorems of Gelfond and some of their applications},
	journaltitle={Acta Arithmetica},
	volume={13},
	pages={177-236},
	url={https://eudml.org/doc/204826},
	year={1967}
}
@article{keates68greatest,
	author={M. Keates},
	title={On the greatest prime Factor of a polynomial},
	journaltitle={Proc. Edinburgh Math. Soc.},
	volume={16},
	pages={301-303},
	doi={10.1017/S0013091500012967 },
	year={1969}
}
@article{sprindzuk1971binary,
	author={Vladimir Gennadievich Sprind{\v z}uk},
	title={The greatest prime divisor of a binary form},
	journaltitle={Dokl. Akad. Nauk BSSR},
	volume={15},
	pages={389-391},
	year={1971}
}
@article{kotov73greatest,
	author={S. V. Kotov},
	title={Greatest prime factor of a polynomial},
	journaltitle={Math. Notes Acad. Sci. USSR},
	volume={13},
	pages={313-317},
	doi={10.1007/BF01146565},
	year={1973}
}
@thesis{haristoy2003exponentielles,
	author={Haristoy, Julien},
	title={Équations diophantiennes exponentielles},
	year={2003},
	institution={University of Strasbourg I (Louis Pasteur)},
	type={PhD}
}
@article{gyory2006form_eq,
	author={Kálmán Gy{\H o}ry and Kunrui Yu},
	title={Bounds for the solutions of {$S$}-unit equations and decomposable form equations},
	journaltitle={Acta Arithmetica},
	volume={123},
	pages={9-41},
	doi={10.4064/aa123-1-2},
	year={2006}
}

@thesis{mcfeat:geometry,
	author={Richard B. McFeat},
	title={Geometry of numbers in adèle spaces},
	year={1969},
	institution={University of Adelaide},
	type={PhD},
}

@article{roth55approximation,
	author={K. F. Roth},
	title={Rational approximations to algebraic numbers},
	journaltitle={Mathematika},
	volume={2},
	pages={1-20},
	doi={10.1112/S0025579300000644},
	year={1955}
}
@article{lang60integral,
	author={Serge Lang},
	title={Integral points on curves},
	journaltitle={Publ. Math. de l’IHES},
	volume={6},
	pages={27-43},
	doi={10.1007/BF02698777},
	year={1960}
}
@article{corvaja1997roth,
	author={Pietro Corvaja},
	title={Autour du Théorème de Roth},
	journaltitle={Mh. Math.},
	volume={124},
	pages={147-175},
	doi={10.1007/bf01300617},
	year={1997}
}

@book{corvaja:integral,
	author={Pietro Corvaja},
	title={Integral Points on Algebraic Varieties},
	subtitle={An Introduction to Diophantine Geometry},
	year={2016},
	publisher={Springer-Verlag}
}
@article{corvaja2002subspace,
	author={Pietro Corvaja and Umberto Zannier},
	title={A subspace theorem approach to integral points on curves},
	journaltitle={C. R. Acad. Sci. Paris, Ser. I},
	volume={334},
	pages={267–271},
	doi={10.1016/S1631-073X(02)02240-9},
	year={2002}
}

@article{faltings1994projective,
	author={Gerd Faltings and Gisbert Wüstholz},
	title={Diophantine approximations on projective spaces},
	journaltitle={Invent. math.},
	volume={116},
	pages={109-138},
	doi={10.1007/bf01231559},
	year={1994}
}
@book{edixhoven:diophantine_abelian,
	editor={Bas Edixhoven and Jan-Hendrik Evertse},
	title={Diophantine Approximation and Abelian Varieties},
	year={1993},
	series={{L}ecture {N}otes in {M}athematics},
	number={1566},
	publisher={Springer-Verlag}
}
@article{evertse2002absolute,
	author={Jan-Hendrik Evertse and Hans Peter Schlickewei},
	title={A quantitative version of the Absolute Subspace Theorem},
	journaltitle={J. Reine Angew. Math.},
	volume={548},
	pages={21-127},
	doi={10.1515/crll.2002.060},
	year={2002}
}
@article{evertse2013subspace,
	author={Jan-Hendrik Evertse and R. G. Ferretti},
	title={A further improvement of the Quantitative Subspace Theorem},
	journaltitle={Ann. Math.},
	volume={177},
	pages={513-590},
	doi={10.4007/annals.2013.177.2.4},
	year={2013}
}

@inbook{vojta2011nevanlinna,
	author={Paul Vojta},
	title={Diophantine Approximation and Nevanlinna Theory},
	booktitle={Arithmetic Geometry},
	editor={Pietro Corvaja and C. Gasbarri},
	year={2011},
	pages={111-224},
	publisher={Springer-Verlag}
}
@book{ru:nevanlinna,
	author={Min Ru},
	title={Nevanlinna Theory and its relation to Diophantine Approximation},
	year={2001},
	publisher={World Scientific Publishing}
}

@inproceedings{javanpeykar2020LangVojta,
	author={Ariyan Javanpeykar},
	title={The Lang-Vojta Conjectures on Projective Pseudo-Hyperbolic Varieties},
	booktitle={Arithmetic Geometry of Logarithmic Pairs and Hyperbolicity of Moduli Spaces},
	editor={Marc-Hubert Nicole},
	year={2020},
	pages={135-196},
	publisher={Springer, Cham}
}
@article{javanpeykar2020demailly,
	author={Ariyan Javanpeykar and Ljudmila Kamenova},
	title={Demailly’s notion of algebraic hyperbolicity: geometricity, boundedness, moduli of maps},
	journaltitle={Math. Z.},
	volume={296},
	pages={1645-1672},
	doi={10.1007/s00209-020-02489-6},
	year={2020}
}
@book{lang:NT3,
	author={Serge Lang},
	title={Diophantine Geometry},
	maintitle={Number Theory},
	volume={III},
	year={1991},
	publisher={Springer-Verlag},
	series={Encyclopaedia of Mathematical Sciences},
	number={60}
}
@article{lang86hyperbolic,
	author={Serge Lang},
	title={Hyperbolic and Diophantine Analysis},
	journaltitle={Bull. Amer. Math. Soc.},
	volume={14},
	pages={159-205},
	doi={10.1090/S0273-0979-1986-15426-1},
	year={1986}
}
@article{hu2014hyperbolic,
	author={Fei Hu and Sheng Meng and De-Qi Zhang},
	title={Ampleness of canonical divisors of hyperbolic normal projective varieties},
	journaltitle={Math. Z.},
	volume={278},
	pages={1179-1193},
	doi={10.1007/s00209-014-1351-1},
	year={2014}
}
@article{kollar1989flops,
	author={János Kollár},
	title={Flops},
	journaltitle={Nagoya Math. J.},
	volume={113},
	pages={15-36},
	doi={10.1017/S0027763000001240},
	year={1989}
}
@book{ueno:classification,
	author={Kenji Ueno},
	title={Classification Theory of Algebraic Varieties and Compact Complex Spaces},
	year={1975},
	series={{L}ecture {N}otes in {M}athematics},
	number={439},
	publisher={Springer-Verlag}
}
@article{diverio2014oguiso,
	author={Simone Diverio and Andrea Ferretti},
	title={On a conjecture of Oguiso about rational curves on Calabi–Yau threefolds},
	journaltitle={Comment. Math. Helv.},
	volume={89},
	pages={157-172},
	doi={10.4171/CMH/315},
	year={2014}
}

@book{silverman:elliptic,
	author={Joseph H. Silverman},
	title={The arithmetic of elliptic curves},
	edition={2},
	year={2009},
	publisher={Springer-Verlag}
}
@book{knapp:elliptic,
	author={Anthony W. Knapp},
	title={Elliptic Curves},
	year={1992},
	publisher={Princeton University Press}
}
@inproceedings{tate75algorithm,
	author={John Tate},
	title={Algorithm for determining the type of a singular fiber in an elliptic pencil},
	booktitle={Modular Functions of One Variable IV},
	editor={Birch, Bryan J. and Kuyk, Willem},
	year={1975},
	publisher={Springer Berlin Heidelberg},
	% address={Berlin, Heidelberg},
	pages={33-52},
	doi={10.1007/BFb0097582}
}
@book{silverman:advanced,
	author={Joseph H. Silverman},
	title={Advanced Topics in the Arithmetic of Elliptic Curves},
	year={1994},
	publisher={Springer-Verlag},
	series={Graduate Texts in Mathematics},
	number={151},
}
@book{silverman:dynamical,
	author={Joseph H. Silverman},
	title={The arithmetic of dynamical systems},
	year={2007},
	publisher={Springer-Verlag}
}

@article{silverman1984minimal,
	author={Joseph H. Silverman},
	title={Weierstrass equations and the minimal discriminant of an elliptic curve},
	journaltitle={Mathematika},
	volume={31},
	pages={245-251},
	doi={10.1112/S0025579300012468},
	year={1984}
}

@book{bosch:neron,
	author={Siegfried Bosch and Werner Lütkebohmert and Michel Raynaud},
	title={Néron models},
	year={1990},
	publisher={Springer-Verlag},
	series={Grundlehren der mathematischen Wissenschaften},
	number={21},
}
@inproceedings{artin86neron,
	author={Michael Artin},
	title={Néron models},
	crossref={cornell:arithmetic},
	pages={213-230}
}
@article{liu2016neron,
	author={Qing Liu and Jilong Tong},
	title={Néron models of algebraic curves},
	journaltitle={Trans. Amer. Math. Soc.},
	volume={368},
	pages={7019-7043},
	doi={10.1090/tran/6642},
	year={2016}
}

@proceedings{koch98diophantine,
	title={Algebraic Number Theory and Diophantine Analysis},
	editor={Franz Halter-Koch and Robert F. Tichy},
	year={1998},
	publisher={Walter de Gruyter}
}
@inproceedings{zimmer98elliptic,
	author={Attila Peth{\H o} and Horst G. Zimmer},
	title={{$S$}-integer points on elliptic curves, theory and practice},
	crossref={koch98diophantine},
	pages={351-363}
}

@book{weil:basic,
	author={André Weil},
	title={Basic Number Theory},
	year={1967},
	publisher={Springer-Verlag},
	% series={Die Grundlehren der mathematischen Wissenschaften in Einzeldarstellungen},
	% number={144}
}

@article{northcott49ineq,
	author={D. G. Northcott},
	title={An inequality in the theory of arithmetic on algebraic varieties},
	journaltitle={Math. Proc. Cambridge Phil. Soc.},
	volume={45},
	pages={502-509},
	doi={10.1017/S0305004100025202},
	year={1949}
}
@article{mahler62ineq,
	author={K. Mahler},
	title={On Some Inequalities for Polynomials in Several Variables},
	journaltitle={J. London Math. Soc.},
	volume={37},
	pages={341-344},
	doi={10.1112/jlms/s1-37.1.341},
	year={1962}
}
@article{lehmer33fact,
	author={D. H. Lehmer},
	title={Factorization of Certain Cyclotomic Functions},
	journaltitle={Ann. Math.},
	volume={34},
	pages={461-479},
	doi={10.2307/1968172},
	year={1933}
}
@misc{vergergaugry2017proof,
	title={A Proof of the Conjecture of Lehmer and of the Conjecture of Schinzel-Zassenhaus}, 
	author={Jean-Louis Verger-Gaugry},
	year={2017},
	eprint={1709.03771},
	archivePrefix={arXiv},
	primaryClass={math.NT}
}

@article{erdos62liouville,
	author={Pál Erd{\H o}s},
	title={Representations of real numbers as sums and products of Liouville numbers},
	journaltitle={Michigan Math. J.},
	volume={9},
	pages={59-60},
	url={https://old.renyi.hu/~p_erdos/1962-18.pdf},
	year={1962}
}
@article{chalebgwa2023sets,
	author={Taboka Prince Chalebgwa and Sidney A. Morris},
	title={Erd{\H o}s-Liouville sets},
	journaltitle={Bull. Aust. Math. Soc.},
	volume={107},
	pages={284-289},
	doi={10.1017/S0004972722001009},
	year={2023}
}
@article{lehmer00continued,
	author={Derrick N. Lehmer},
	title={A Theorem in Continued Fractions},
	journaltitle={Ann. Math.},
	volume={2},
	pages={146-147},
	doi={10.2307/2007192},
	year={1900}
}

@article{erdos34sylvester,
	author={Pál Erd{\H o}s},
	title={A theorem of Sylvester and Schur},
	journaltitle={J. London Math. Soc.},
	volume={S1-9},
	pages={282-288},
	doi={10.1112/jlms/s1-9.4.282},
	year={1934}
}
@article{granville2002abc,
	author={Andrew Granville and Thomas J. Tucker},
	title={It's as Easy as {$abc$}},
	journaltitle={Notices Amer. Math. Soc.},
	volume={49},
	pages={1224-1231},
	url={https://www.ams.org/notices/200210/fea-granville.pdf},
	year={2022}
}

@misc{conrad:pell,
	author={Keith Conrad},
	title={Pell's equation II},
	url={https://kconrad.math.uconn.edu/blurbs/ugradnumthy/pelleqn2.pdf}
}
@misc{zhang2007elementary,
	title={An elementary proof of uniqueness of Markoff numbers which are prime powers}, 
	author={Ying, Zhang},
	year={2007},
	eprint={math/0606283},
	archivePrefix={arXiv},
	primaryClass={math.NT}
}
@article{zhang2007markoff,
	% author={family=Ying, given=Zhang, nametemplates=cjk},
	author={Ying, Zhang},
	title={Congruence and uniqueness of certain Markoff numbers},
	journaltitle={Acta Math.},
	volume={128},
	pages={295-301},
	doi={10.4064/aa128-3-7},
	year={2007}
}

@article{granville2018dynamical,
	author={Andrew Granville},
	title={Using Dynamical Systems to Construct Infinitely Many Primes},
	journaltitle={Amer. Math. Mon.},
	volume={125},
	pages={483-496},
	doi={10.1080/00029890.2018.1447732},
	year={2018}
}

@article{alford94carmichael,
	author={W. R. Alford and Andrew Granville and Carl Pomerance},
	title={There are Infinitely Many Carmichael Numbers},
	journaltitle={Ann. Math.},
	volume={139},
	pages={703-722},
	doi={10.2307/2118576},
	year={1994}
}

@online{conrad:modular,
	author = {Conrad, Keith},
	title = {Modular Arithmetic},
	year = {},
	url = {https://kconrad.math.uconn.edu/blurbs/ugradnumthy/modarith.pdf},
	keywords={number-theory}
}
@online{conrad:div_alg,
	author = {Conrad, Keith},
	title = {The Division Theorem in {$\Z$} and {$F[T]$}},
	year = {},
	url = {https://kconrad.math.uconn.edu/blurbs/ugradnumthy/divthmZF[T].pdf},
	keywords={number-theory}
}
@online{conrad:infinitude,
	author = {Conrad, Keith},
	title = {The infinitude of the primes},
	year = {},
	url = {https://kconrad.math.uconn.edu/blurbs/ugradnumthy/infinitudeofprimes.pdf},
	keywords={number-theory}
}
@online{conrad:fermat,
	author = {Conrad, Keith},
	title = {Fermat's little theorem},
	year = {},
	url = {https://kconrad.math.uconn.edu/blurbs/ugradnumthy/fermatlittletheorem.pdf},
	keywords={number-theory}
}
@article{cohn:expansion_of_e,
	author={Henry Cohn},
	title={A Short Proof of the Simple Continued Fraction Expansion of {$e$}},
	journaltitle={Amer. Math. Mon.},
	doi={10.2307/27641837 },
	year={2006},
	keywords={number-theory}
}
@article{dixon:irrationality_pi,
	author={J. D. Dixon},
	title={{$\pi$} is not Algebraic of Degree One or Two},
	journaltitle={Amer. Math. Mon.},
	doi={10.2307/2310831},
	year={1962},
	keywords={number-theory}
}
@article{ankeny:squares,
	author={N. C. Ankeny},
	title={Sums of three squares},
	journaltitle={Proc. Amer. Math. Soc.},
	doi={10.1090/S0002-9939-1957-0085275-8},
	year={1957},
	keywords={number-theory}
}
@article{gordon:four_squares,
	author={Russell A. Gordon and Sara L. Graham},
	title={Comments on proofs that there are no four squares in arithmetic progression},
	% journaltitle={journal},
	url={https://www.fq.math.ca/Papers1/53-1/GordonGraham09012014.pdf},
	year={2014},
}
@article{xavier:squares_in_pa,
	author={Xavier Xarles},
	title={Squares in arithmetic progression over number fields},
	journaltitle={J. Number Theory},
	doi={10.1016/j.jnt.2011.07.010},
	year={2012},
	volume={132},
	number={3},
	pages={379-389},
}
@article{artin:prod_form,
	author={Emil Artin and George Whaples},
	title={Axiomatic Characterization of Fields by the Product Formula for Valuations},
	journaltitle={Bull. Amer. Math. Soc.},
	doi={10.1090/S0002-9904-1945-08383-9},
	year={1945}
}

@misc{conrad:local_global,
	author={Keith Conrad},
	title={The local-global principle},
	url={https://kconrad.math.uconn.edu/blurbs/gradnumthy/localglobal.pdf}
}

@article{clark:Z69_euclidean,
	author={David A. Clark},
	title={A quadratic field which is Euclidean but not norm-Euclidean},
	journaltitle={Manuscripta Math.},
	doi={10.1007/BF02567617},
	year={1994},
	keywords={number-theory}
}
@article{harper:Z14_euclidean,
	author={Malcolm Harper},
	title={{$\Z[\sqrt{-14}]$} is Euclidean},
	journaltitle={Canadian J. Math.},
	doi={10.4153/CJM-2004-003-9},
	year={2004},
	keywords={number-theory}
}
@article{eggleton:euclidean,
	author={R. B. Eggleton and C. B. Lacampagne and J. L. Selfridge },
	title={Euclidean Quadratic Fields},
	journaltitle={Amer. Math. Mon.},
	doi={10.2307/2324118},
	year={1992},
	keywords={number-theory}
}

@article{stasinski2020class,
	author={author},
	title={title},
	journaltitle={Amer. Math. Monthly},
	volume={128},
	pages={239-249},
	% doi={},
	eprint={1909.07121},
	archivePrefix={arXiv},
	year={2021}
}
@article{samuel1971euclidean,
	author={Pierre Samuel},
	title={About Euclidean rings},
	journaltitle={J. Algebra},
	volume={19},
	pages={282-301},
	doi={10.1016/0021-8693(71)90110-4},
	year={1971}
}

@article{narkiewicz:class,
	author={W. Narkiewicz},
	title={Class number and factorization in quadratic number fields},
	journaltitle={Colloquium Math.},
	doi={10.4064/CM-17-2-167-190},
	year={1967},
}

@book{miyake:modular,
	author={Toshitsune Miyake},
	translator={Yoshitaka Maeda},
	title={Modular forms},
	year={2006},
	publisher={Springer-Verlag}
}
@book{diamond:modular,
	author={Fred Diamond and Jerry Shurman},
	title={A First Course in Modular Forms},
	year={2010},
	publisher={Springer-Verlag},
	series={Graduate Texts in Mathematics},
	number={228},
}
@book{apostol:modular,
	author={Tom M. Apostol},
	title={Modular Functions and Dirichlet Series in Number Theory},
	year={1976},
	publisher={Springer-Verlag},
	series={Graduate Texts in Mathematics},
	number={41},
}

@proceedings{cornell:modular,
	editor={Gary Cornell and Joseph H. Silverman and Glenn Stevens},
	title={Modular Forms and Fermat's Last Theorem},
	year={2000},
	publisher={Springer-Verlag}
}
@inproceedings{rohrlich00modular,
	author={David E. Rohrlich},
	title={Modular Curves, Hecke Correspondences, and {$L$}-functions},
	crossref={cornell:modular},
	pages={41-100}
}

	% ============ Geometría =======================
@book{castillo:geo,
	author = {Ivorra Castillo, Carlos},
	title = {Geometría},
	year = {2018},
	url = {https://www.uv.es/=ivorra/Libros/Geometria2.pdf},
	keywords = {euclidean-geometry}
}
@book{hilbert:foundations,
	title = {The Foundations of Geometry},
	author = {Hilbert, David},
	year = {2005},
	publisher = {Project Gutenberg},
	url = {http://www.gutenberg.org/ebooks/17384},
	translator = {Townsend, E. J.},
	keywords = {euclidean-geometry}
}
	% @book{hartshorne:geometry,
	% 	title={Geometry: Euclid and beyond},
	% 	author={Hartshorne, Robin},
	% 	year={2013},
	% 	publisher={Springer Science \& Business Media},
	% 	keywords = {euclidean-geometry}
	% }
	% @book{belyaev:foundations,
	% 	author = {Belyaev, Oleg A.},
	% 	title = {Foundations of Geometry},
	% 	year = {2007},
	% 	url = {http://polly.phys.msu.ru/~belyaev/geometry.pdf},
	% 	keywords = {euclidean-geometry}
	% }
	% @book{wilkins:geometry,
	% 	author = {Wilkins, David R.},
	% 	title = {Euclidean and Non-Euclidean Geometry (MA232A)},
	% 	year = {2017},
	% 	url = {https://www.maths.tcd.ie/~dwilkins/Courses/MA232A/},
	% 	keywords = {euclidean-geometry}
	% }
@book{greenberg:geometries,
	author = {Greenberg, M J},
	title = {Euclidean and Non-euclidean Geometries},
	year = {1993},
	subtitle = {Development and History},
	edition = {3},
	publisher = {W. H. Freeman and Company},
	keywords = {euclidean-geometry}
}
@book{euclides:elements,
	author = {Euclides and Casey, John},
	title = {The First Six Books of the Elements of Euclid},
	year = {2007},
	subtitle = {And Propositions I.-XXI. of Book XI., and an Appendix on the Cylinder, Sphere, Cone, etc.},
	publisher = {Project Gutenberg},
	url = {https://www.gutenberg.org/ebooks/21076},
	keywords = {euclidean-geometry}
}
@book{petrunin2019euclidean,
	title={Euclidean plane and its relatives},
	subtitle={A minimalist introduction},
	author={Anton Petrunin},
	year={2019},
	url={https://arxiv.org/abs/1302.1630},
	keywords = {euclidean-geometry}
}
@book{chen2016euclidean,
	title={Euclidean Geometry in Mathematical Olympiads},
	author={Evan Chen},
	year={2016},
	publisher={The Mathematical Association of America},
	keywords = {euclidean-geometry}
}
@book{posamentier2002advanced,
	title={Advanced Euclidean Geometry},
	author={Alfred S. Posamentier},
	year={2002},
	keywords = {euclidean-geometry}
}
@book{dillon2018geometry,
	title={Geometry Through History},
	author={Dillon, Meighan I},
	year={2018},
	publisher={Springer},
	keywords = {euclidean-geometry}
}

@online{wilkins:circle,
	author = {David R. Wilkins},
	title = {Selected Circle Theorems},
	year = {2018},
	url = {https://www.maths.tcd.ie/~dwilkins/Courses/ET7246/LocalResources2018/SelectedCircleTheorems.pdf},
	keywords = {euclidean-geometry}
}
@online{wilkins:trigonometry,
	title={Trigonometry},
	author={David R. Wilkins},
	year={2018},
	url = {https://www.maths.tcd.ie/~dwilkins/Courses/ET7246/LocalResources2018/TrigonometryPresentation.pdf},
	keywords = {euclidean-geometry}
}
	% @article{moore:projective,
	% 	title={On the Projective Axioms of Geometry},
	% 	author={Eliakim Hastings Moore},
	% 	year={1902},
	% 	journaltitle={Trans. Amer. Math. Soc.},
	% 	publisher={American Mathematical Society},
	% 	url={https://www.jstor.org/stable/1986321},
	% 	keywords = {euclidean-geometry}
	% }
	% @article{greenberg2010results,
	% 	title={Old and New Results in the Foundations of Elementary Plane Euclidean and Non-Euclidean Geometries},
	% 	author={Marvin Jay Greenberg},
	% 	year={2010},
	% 	journaltitle={Amer. Math. Mon.},
	% 	volume={117},
	% 	number={3},
	% 	keywords = {euclidean-geometry}
	% }
	% @book{kiselev2006planimetry,
	% 	title={Geometry},
	% 	subtitle={Planimetry},
	% 	author={A Kiselev},
	% 	year={2006},
	% 	volume={1},
	% 	isbn={0-9779852-0-2},
	% 	keywords = {euclidean-geometry}
	% }
@online{brodie:pythagorean,
	author={Scott E. Brodie},
	title={The Pythagorean Theorem is Equivalent to the Parallel Postulate},
	date={2018},
	url={https://www.cut-the-knot.org/triangle/pythpar/PTimpliesPP.shtml},
	keywords={euclidean-geometry}
}

	% ============ Análisis real =======================
	% @book{lima:analise,
	% 	title={Análise Real},
	% 	subtitle={Funçōes de Uma Variável},
	% 	author={Elon Lages Lima},
	% 	year={2009},
	% 	publisher={IMPA},
	% 	keywords={real-analysis}
	% }
@book{ziemer:modern,
	title={Modern Real Analysis},
	author={Ziemer, William P},
	year={2017},
	publisher={Springer},
	keywords = {real-analysis}
}
@book{castillo:an,
	title={Análisis matemático},
	author={Carlos Ivorra Castillo},
	year={2020},
	url={https://www.uv.es/ivorra/Libros/An.pdf},
	keywords = {real-analysis}
}
	% @book{tao:analysis,
	% 	title={Analysis},
	% 	author={Terrence Tao},
	% 	volume={2},
	% 	year={2006},
	% 	keywords={real-analysis},
	% 	publisher={Hindustan Book Agency}
	% }
@book{thomson:elementary,
	title={Elementary Real Analysis},
	author={Thomson, Brian S. and Bruckner, Judith B. and Bruckner, Andrew M.},
	year={2001},
	url={http://www.classicalrealanalysis.info/com/},
	keywords={}
}
@book{royden:analysis,
	author={H. L. Royden},
	title={Real Analysis},
	year={1963},
	publisher={Macmillan Publishing Company},
	keywords={}
}
@mvbook{amann:analysis,
	author={Herbert Amann and Joachim Escher},
	title={Analysis},
	volumes={3},
	year={2005},
	publisher={Birkhäuser Basel},
	keywords={}
}
@book{simon:real,
	author={Barry Simon},
	title={Real Analysis},
	booktitle={A Comprehensive Course in Analysis},
	volume={5},
	year={2015},
	publisher={American Mathematical Society}
}
@mvbook{simon:analysis,
	author={Barry Simon},
	title={A Comprehensive Course in Analysis},
	volumes={5},
	year={2015},
	publisher={American Mathematical Society},
	keywords={real-analysis}
}
@book{sternberg:functions,
	author={Shlomo Sternberg},
	title={Theory of functions of a real variable},
	year={2005},
	url={http://people.math.harvard.edu/~shlomo/docs/Real_Variables.pdf},
	keywords={}
}
@thesis{thim:cont,
	author={Johan Thim},
	title={Continuous Nowhere Differentiable Functions},
	year={2003},
	institution={Lulea University of Technology},
	type={Master},
	url={http://epubl.luth.se/1402-1617/2003/320/LTU-EX-03320-SE.pdf},
	keywords={real-analysis}
}
@book{lang:analysis,
	author={Serge Lang},
	title={Real and Functional Analysis},
	edition={3},
	year={1993},
	publisher={Springer-Verlag New York},
	keywords={real-analysis}
}

@online{belk:inequalities,
	author={Jim Belk},
	title={Convexity, Inequalities, and Norms},
	url={https://faculty.bard.edu/belk/math461/Inequalities.pdf},
	keywords={real-analysis}
}
@article{hirst:riemann,
	author={K. E. Hirst},
	title={A Property of Riemann-Integrable Functions},
	journaltitle={Amer. Math. Mon.},
	doi={10.2307/2315894},
	year={1968},
	keywords={real-analysis}
}
@online{conrad:fundthmalg-calculus,
	author={Keith Conrad},
	title={The Fundamental Theorem of Algebra via Multivariable Calculus},
	url={https://kconrad.math.uconn.edu/blurbs/fundthmalg/fundthmalgcalculus.pdf},
	keywords={real-analysis, fund-thm-alg}
}
@article{niven:pi,
	author = {Ivan Niven},
	title = {{A simple proof that {$\pi$} is irrational}},
	volume = {53},
	journaltitle = {Bull. Amer. Math. Soc.},
	number = {6},
	% publisher = {American Mathematical Society},
	% pages = {509-509},
	year = {1947},
	doi = {10.1090/S0002-9904-1947-08821-2},
	keywords={real-analysis, number-theory}
}

	% ============ Teoría de la medida =============
@book{tao:measure,
	author={Terence Tao},
	title={An Introduction to Measure Theory},
	year={2011},
	publisher={American Mathematical Society},
	url={https://terrytao.wordpress.com/books/an-introduction-to-measure-theory/},
	keywords={measure}
}
@mvbook{tao:epsilon,
	author={Terence Tao},
	title={An Epsilon of Room},
	subtitle={Pages from year three of a mathematical blog},
	volumes={2},
	year={2011},
	publisher={American Mathematical Society},
	url={https://terrytao.wordpress.com/books/an-epsilon-of-room-pages-from-year-three-of-a-mathematical-blog/},
	keywords={measure}
}
@book{halmos:measure,
	author={Paul Halmos},
	title={Measure Theory},
	year={1974},
	publisher={Springer-Verlag New York Inc.},
	keywords={}
}
@book{stein:analysis,
	author={Elias Stein and Rami Shakarchi},
	title={Real Analysis},
	subtitle={Measure Theory, Integration, and Hilbert Spaces},
	year={2005},
	publisher={Princeton University Press},
	keywords={measure}
}
@book{diestel:haar,
	author={Joe Diestel and Angela Spalsbury},
	title={The Joys of Haar Measure},
	year={2014},
	publisher={American Mathematical Society},
	keywords={measure}
}
@book{kharazishvili:nonmeasurable,
	author={A. B. Kharazishvili},
	title={Nonmeasurable Sets and Functions},
	year={2004},
	publisher={Elsevier},
	keywords={measure}
}

@online{kaseorg:banach,
	author={Anders Kaseorg},
	title={The Banach-Tarski Paradox},
	url={http://web.mit.edu/andersk/Public/banach-tarski.pdf},
	year={2007},
	keywords={measure}
}
@article{sierpinski:hc,
	author={Wacław Sierpiński},
	title={Sur l'hypothèse du continu ({$2^{\aleph_0} = \aleph_1$})},
	journaltitle={Fundamenta Mathematicae},
	url={http://pldml.icm.edu.pl/pldml/element/bwmeta1.element.bwnjournal-article-fmv5i1p23bwm},
	year={1924},
	keywords={measure}
}

% ============ Cálculo en variedades ===========
@book{spivak:manifolds,
	author={Michael Spivak},
	title={Calculus on Manifolds},
	subtitle={A Modern Approach to Classical Theorems of Advanced Calculus},
	year={1965},
	publisher={Addison-Wesley},
	keywords={manifold-analysis}
}
@book{munkres:manifolds,
	author={James R Munkres},
	title={Analysis on Manifolds},
	year={1991},
	publisher={Addison-Wesley},
	keywords={}
}
@book{lang:differential,
	author={Serge Lang},
	title={Fundamentals of Differential Geometry},
	year={1999},
	publisher={Springer-Verlag New York, Inc},
	keywords={manifold-analysis}
}
@book{castillo:geodif,
	author={Carlos Ivorra Castillo},
	title={Geometría Diferencial},
	year={2019},
	url={https://www.uv.es/ivorra/Libros/GD.pdf},
	keywords={manifold-analysis}
}
@book{lee:smooth,
	author={John M. Lee},
	title={Introduction to Smooth Manifolds},
	year={2003},
	publisher={Springer},
	keywords={manifold-analysis}
}
@book{aubrin:diffgeo,
	author={Thierry Aubrin},
	title={A Course in Differential Geometry},
	year={2001},
	publisher={American Mathematical Society},
	keywords={manifold-analysis}
}
@book{milnor:topology,
	author={John Willard Milnor},
	title={Topology from the Differential Viewpoint},
	year={1965},
	publisher={The University Press of Virginia},
	keywords={manifold-analysis}
}

% ============ Análisis complejo ===============
@book{lang:complex,
	author={Serge Lang},
	title={Complex Analysis},
	year={1999},
	publisher={Springer-Verlag},
	keywords={complex_analysis}
}
@book{kodaira:complex,
	author={Kunihiko Kodaira},
	title={Complex Analysis},
	year={2007},
	publisher={Cambridge University Press},
	series={{C}ambridge {S}tudies in {A}dvanced {M}athematics},
	number={107},
	keywords={complex_analysis}
}
@book{castillo:vc,
	author={Carlos Ivorra Castillo},
	title={Funciones de Variable Compleja},
	year={2020},
	url={https://www.uv.es/ivorra/Libros/VC.pdf},
	keywords={complex_analysis}
}
@book{simon:complex,
	author={Barry Simon},
	title={Basic Complex Analysis},
	series={A Comprehensive Course in Analysis},
	volume={2A},
	year={2015},
	publisher={American Mathematical Society},
	keywords={complex_analysis}
}

% ============ Topología algebraica ============
@book{castillo:topalg,
	title={Topología Algebraica},
	author={Carlos Ivorra Castillo},
	year={2020},
	url={https://www.uv.es/ivorra/Libros/T.pdf},
	keywords={algebraic_topology}
}
	% @book{lee:introtop,
	% 	author={John M. Lee},
	% 	title={Introduction to Topological Manifolds},
	% 	year={1950},
	% 	publisher={Springer Verlag New York},
	% 	keywords={algebraic_topology}
	% }
@mvbook{novikov:topology,
	author={Sergei P. Novikov},
	title={Topology},
	volumes={2},
	year={1996},
	publisher={Springer-Verlag Berlin Heidelberg},
	keywords={algebraic_topology}
}
@book{fomenko:homotopical,
	author={Anatoly T. Fomenko and Dmitry B. Fuchs},
	title={Homotopical Topology},
	year={2016},
	publisher={Springer International Publishing},
	keywords={algebraic_topology}
}
@book{may:algtop,
	author={J. P. May},
	title={A Concise Course in Algebraic Topology},
	year={2022},
	keywords={algebraic_topology}
}
@book{engelking:geometry,
	author={Ryszard Engelking and Karol Siekluchi},
	title={Topology},
	subtitle={A Geometric Approach},
	year={1992},
	publisher={Heldermann Verlag Berlin},
	% keywords={algebraic_topology}
}
@book{kowsniowski:algebraic,
	author={Czes Kosniowski},
	title={A First Course in Algebraic Topology},
	year={1980},
	publisher={Cambridge University Press},
	keywords={algebraic_topology}
}

@book{pontryagin:combinatorial,
	author={L. S. Pontryagin},
	title={Foundations of Combinatorial Topology},
	year={1952},
	publisher={Graylock Press},
	keywords={combinatorial_topology}
}

@online{wang:classification,
	author={Zuoqin Wang},
	title={Classification of Curves},
	date={2021},
	url={http://staff.ustc.edu.cn/~wangzuoq/Courses/21S-Topology/Notes/Lec27.pdf},
	keywords={algebraic_topology}
}

% ============ Topología =======================
@book{castillo:top,
	title={Topología},
	author={Carlos Ivorra Castillo},
	year={2020},
	url={https://www.uv.es/ivorra/Libros/T.pdf},
	keywords = {topology}
}
@book{engelking:top,
	title={General Topology},
	author={Ryszard Engelking},
	year={1989},
	keywords={topology},
	publisher={Heldermann Verlag}
}
@book{steen:counterexamples,
	title={Counterexamples in Topology},
	author={Lynn Arthur Steen and J Arthur Seebach},
	year={1970},
	publisher={Springer-Verlag New York},
	keywords={topology}
}
@book{howes:modern,
	title={Modern Analysis and Topology},
	author={Norman R. Howes},
	year={1995},
	publisher={Springer-Verlag New York},
	keywords={}
}
	% @book{muger:topology,
	% 	title={Topology for the Working Mathematician},
	% 	author={Michael Müger},
	% 	year={2020},
	% 	url={https://www.math.ru.nl/~mueger/topology.pdf},
	% 	keywords={topology}
	% }
	% @book{starbird:topology,
	% 	author={Michael Starbird and Francis Su},
	% 	title={Topology Through Inquiry},
	% 	year={2019},
	% 	publisher={American Mathematical Society},
	% 	keywords={topology}
	% }
@book{bourbaki:TG1,
	author={Nicolas Bourbaki},
	maintitle={Éléments de Mathématique},
	title={Topologie générale},
	subtitle={Chapitres 1 à 4},
	year={1971},
	publisher={Hermann}
}

@article{brandsma:arhangelskii,
	author={Henno Brandsma},
	title={Arhangel'ski\u i's Theorem: A Proof},
	journaltitle={Topology Explained},
	year={2003},
	url={http://at.yorku.ca/p/a/c/a/14.htm},
	keywords={topology}
}
@article{brandsma:functional,
	author={Henno Brandsma},
	title={Compactness in function spaces: Arzelà-Ascoli type theorems},
	journaltitle={Topology Explained},
	year={2003},
	url={http://at.yorku.ca/p/a/c/a/23.htm},
	keywords={topology}
}
@online{litt:fund-thm-alg,
	author={Daniel Litt},
	title={Yet Another Proof of the Fundamental Theorem},
	date={2011},
	url={https://www.daniellitt.com/s/FTAviaIFT.pdf},
	keywords={topology, fund-thm-alg}
}
@article{furstenberg:primes,
	author={Harry Furstenberg},
	title={On the Infinitude of Primes},
	journaltitle={Amer. Math. Mon.},
	doi={10.2307/2307043},
	year={1955},
	keywords={topology}
}

@book{bourbaki:evt,
	author={Nicolas Bourbaki},
	maintitle={Éléments de Mathématique},
	title={Espaces vectoriels topologiques},
	subtitle={Chapitres 1 à 5},
	year={1981},
	publisher={Masson}
}

@article{dieudonne44compacts,
	author={Jean Dieudonné},
	title={Une généralisation des espaces compacts},
	journaltitle={J. Math. Pures Appl.},
	volume={23},
	pages={65-76},
	year={1944}
}
@article{stone48paracompact,
	author={Arnold Harold Stone},
	title={Paracompactness and product spaces},
	journaltitle={Bull. Amer. Math. Soc.},
	volume={54},
	pages={977-982},
	doi={10.1090/S0002-9904-1948-09118-2},
	year={1948}
}
@article{gleason58projective,
	author={Andrew M. Gleason},
	title={Projective topological spaces},
	journaltitle={Illinois J. Math.},
	volume={2},
	pages={482-489},
	doi={10.1215/ijm/1255454110},
	year={1958}
}

@misc{patrakeev2016sorgenfrey,
      title={Metrizable images of the Sorgenfrey line}, 
      author={Mikhail Patrakeev},
      year={2016},
      eprint={1401.2289},
      archivePrefix={arXiv},
      primaryClass={math.GN}
}
@article{smolin2023sorgenfrey,
	author={Vlad Smolin},
	title={A Hausdorff compact space is metrizable if and only if it is a continuous open image of the Sorgenfrey line},
	journaltitle={Topology Appl.},
	volume={336},
	% pages={1-69},
	doi={10.1016/j.topol.2023.108616},
	year={2023}
}


% ============ Topología de espacios vectoriales =======
@book{voigt:tvs,
	author={Jürgen Voigt},
	title={A Course on Topological Vector Spaces},
	year={2020},
	publisher={Birkhäuser},
	keywords={topology, tvs}
}

============ Álgebra abstracta =======================
@book{milne:group,
	title={Group Theory},
	author={J S Milne},
	year={2020},
	url={https://www.jmilne.org/math/CourseNotes/gt.html},
	keywords={}
}
@book{aluffi:algebra,
	title={Algebra},
	subtitle={Chapter 0},
	author={Paolo Aluffi},
	year={1960},
	keywords={abstract-alg},
	publisher={American Mathematical Society}
}
@book{castillo:alg,
	title={Álgebra},
	author={Carlos Ivorra Castillo},
	year={2020},
	url={https://www.uv.es/ivorra/Libros/Al.pdf},
	keywords={abstract-alg}
}
@book{lee:alg,
	author={Gregory T. Lee},
	title={Abstract Algebra},
	subtitle={An Introductory Course},
	year={2018},
	location={Switzerland},
	publisher={Springer International},
	keywords={}
}
@book{garrett:abstract,
	author={Paul Garrett},
	title={Abstract Algebra},
	year={2007},
	url={http://www-users.math.umn.edu/~garrett/m/algebra/},
	keywords={}
}
@book{jacobson:algebra,
	author={Nathan Jacobson},
	title={Lectures in Abstract Algebra},
	year={1951},
	publisher={Springer-Verlag},
	keywords={}
}
@book{fine:fundthmalgebra,
	author={Benjamin Fine and Gerhard Rosenberger},
	title={The Fundamental Theorem of Algebra},
	year={1997},
	publisher={Springer-Verlag New York},
	keywords={abstract-alg, real-analysis, fund-thm-alg}
}
	% @book{hu:abstract,
	% 	author={Hechen Hu},
	% 	title={Abstract Algebra},
	% 	subtitle={subtitle},
	% 	year={2018},
	% 	url={https://github.com/HechenHu/Mathematics-Notes},
	% 	keywords={abstract-alg}
	% }
@mvbook{lal:algebra,
	author={Ramij Lal},
	title={Algebra},
	volumes={4},
	year={2017},
	publisher={Springer Nature Singapore},
	keywords={}
}
@book{lang:algebra,
	author={Serge Lang},
	title={Algebra},
	year={2002},
	publisher={Springer-Verlag New York},
	keywords={abstract-alg}
}
@mvbook{rotman:algebra,
	author={Joseph J. Rotman},
	title={Advanced Modern Algebra},
	volumes={2},
	year={2015},
	edition={3},
	publisher={American Mathematical Society},
	series={{G}raduate {S}tudies in {M}athematics},
	number={165, 180},
	keywords={abstract-alg}
}
@mvbook{jacobson:basic,
	author={Nathan Jacobson},
	title={Basic Algebra},
	volumes={2},
	year={1910},
	publisher={Freeman and Company},
	keywords={abstract-alg}
}

@book{jacobson:galois,
	author={Nathan Jacobson},
	maintitle={Lectures in Abstract Algebra},
	volume={3},
	title={Theory of Fields and Galois Theory},
	year={1964},
	publisher={Van Nostrand}
}
@book{nagata:fields,
	author={Masayoshi Nagata},
	title={Theory of Commutative Fields},
	year={1967},
	publisher={American Mathematical Society},
	series={Translations in {M}athematical {Mono}graphies},
	number={125},
	keywords={abstract-alg}
}

@book{chevalley:algebras,
	author={Claude Chevalley},
	title={The Construction and Study of Certain Important Algebras},
	year={1955},
	publisher={The Mathematical Society of Japan},
	keywords={abstract-alg, algebras}
}
@book{chevalley:fundamental,
	author={Claude Chevalley},
	title={Fundamental Concepts of Algebra},
	year={1956},
	publisher={Academic Press},
	keywords={abstract-alg, algebras}
}
@book{prestel:formally_real,
	author={Alexander Prestel},
	title={Lectures on Formally Real Fields},
	year={1975},
	publisher={American Mathematical Society},
	series={{L}ecture {N}otes in {M}athematics},
	number={1093},
	keywords={abstract-alg, formally_real}
}
@book{rajwade:squares,
	author={A. R. Rajwade},
	title={Squares},
	year={1993},
	publisher={Cambridge University Press},
	keywords={abstract-alg, formally_real}
}
@book{gille:CSA,
	author={Philippe Gille and Tamás Szamuely},
	title={Central Simple Algebras and Galois Cohomology},
	year={2006},
	publisher={Cambridge University Press}
}
@book{scharlau:quadratic,
	author={Winfred Scharlau},
	title={Quadratic and Hermitian forms},
	year={1984},
	publisher={Springer-Verlag Berlin}
}

@book{morris:pontryagin,
	author={Sidney A. Morris},
	title={Pontryagin duality and the structure of locally compact abelian groups},
	year={1977},
	publisher={Cambridge University Press}
}
@book{borceux:galois,
	author={Francis Borceux and George Janelidze},
	title={Galois theories},
	year={2001},
	publisher={Cambridge University Press}
}
@book{wilson:profinite,
	author={John S. Wilson},
	title={Profinite groups},
	year={1999},
	publisher={Oxford University Press}
}

@book{cassels:local_fields,
	author={John William Scott Cassels},
	title={Local Fields},
	year={1986},
	publisher={Cambridge University Press},
	keywords={valuations}
}
@book{ribenboim:valuations,
	author={Paulo Ribenboim},
	title={The Theory of Classical Valuations},
	year={1999},
	publisher={Springer-Verlag New York Berlin Heidelberg},
	keywords={valuations}
}
@book{artin:algebraic,
	author={Emil Artin},
	title={Algebraic Numbers and Algebraic Functions},
	year={1967},
	publisher={Thomas Nelson and Sons Ltd.}
}

@article{alter75diophantine,
	author={Ronald Alter and K. K. Kubota},
	title={The Diophantine Equation {$x^2 + 11 = 3^n$} and a Related Sequence},
	journaltitle={J. Number Theory},
	volume={7},
	pages={5-10},
	doi={10.1016/0022-314X(75)90003-7},
	year={1975}
}

@article{blass:bases,
	author={Andreas Blass},
	title={Existence of Basis implies the Axiom of Choice},
	journaltitle={Contemporary Mathematics},
	volume={31},
	url={http://www.math.lsa.umich.edu/~ablass/bases-AC.pdf},
	year={1984},
	keywords={linear-alg}
}
@article{conrad:sylow,
	author={Keith Conrad},
	title={The Sylow Theorems},
	url={https://kconrad.math.uconn.edu/blurbs/grouptheory/sylowpf.pdf},
	year={2018},
	keywords={abstract-alg}
}
@article{conrad:zorn,
	author={Keith Conrad},
	title={Zorn's Lemma and some applications},
	url={https://kconrad.math.uconn.edu/blurbs/zorn1.pdf},
	year={2018},
	keywords={abstract-alg}
}
@article{banaschewski:krull,
	author={Bernhard Banaschewski},
	title={A New Proof that ``Krull implies Zorn''},
	journaltitle={Mathematical Logic Quarterly},
	doi={10.1002/malq.19940400405},
	year={1994},
	keywords={abstract-alg}
}
@article{derksen:fundthm,
	author={Harm Derksen},
	title={The Fundamental Theorem of Algebra and Linear Algebra},
	journaltitle={Amer. Math. Mon.},
	doi={10.2307/3647746},
	year={2003},
	keywords={linear-alg, fund-thm-alg}
}
@article{conrad:simple,
	author={Keith Conrad},
	title={Simplicity of {$A_n$}},
	url={https://kconrad.math.uconn.edu/blurbs/grouptheory/Ansimple.pdf},
	year={2018},
	keywords={abstract-alg}
}
@article{conrad:inf-dim,
	author={Keith Conrad},
	title={Infinite-dimensional Dual Spaces},
	url={https://kconrad.math.uconn.edu/blurbs/linmultialg/dualspaceinfinite.pdf},
	year={2018},
	keywords={linear-alg}
}

@book{bilu:catalan,
	author={Yuri F. Bilu and Yann Bugeaud and Maurice Mignotte},
	title={The Problem of Catalan},
	year={2014},
	publisher={Springer International Publishing Switzerland}
}
@book{schoof:catalan,
	author={René Schoof},
	title={Catalan's Conjecture},
	year={2008},
	publisher={Springer-Verlag London Limited}
}

@article{catalan1844note,
	author={Eugène Charles Catalan},
	title={Note extraite d’une lettre adressée à l’éditeur},
	journaltitle={J. Reine Angew. Math.},
	volume={27},
	pages={192},
	year={1844}
}
@article{chao65diophantine,
	author={Ko Chao},
	title={On the diophantine equation {$x^2 = y^n + 1, xy \ne 0$}},
	journaltitle={Sci. Sinica},
	volume={14},
	pages={457-460},
	year={1965}
}
@article{mignotte04kochao,
	author={M. Mignotte},
	title={A New Proof of Ko Chao's Theorem},
	journaltitle={Math. Notes},
	volume={76},
	pages={358-367},
	doi={10.1023/B:MATN.0000043463.77207.2a},
	year={2004}
}
@article{nagell21equation,
	author={T. Nagell},
	title={Sur l'impossibilité de l'équation indéterminée {$z^p + 1 = y^2$}},
	journaltitle={Norsk Mat. Forenings Skrifter.},
	volume={4},
	pages={14},
	year={1921}
}
@article{cassels60relations,
	author={John William Scott Cassels},
	title={On the equation {$a^x - b^y = 1$} II},
	journaltitle={Math. Proc. Cambridge Phil. Soc.},
	volume={56},
	pages={97-103},
	doi={10.1017/S0305004100034332},
	year={1960}
}
@article{hyyro64catalan,
	author={S. Hyyrö},
	title={Über das Catalan'sche problem},
	journaltitle={Ann. Univ. Turku Ser. AI},
	volume={79},
	pages={3-10},
	year={1964}
}
@article{inkeri90catalan,
	author={K. Inkeri},
	title={On Catalan's Conjecture},
	journaltitle={J. Number Theory},
	volume={34},
	pages={142-152},
	doi={10.1016/0022-314X(90)90145-H},
	year={1990}
}
@article{mihailescu04cyclotomic,
	author={Preda Mih\u ailescu},
	title={On the class groups of cyclotomic extensions in presence of a solution to Catalan's equation},
	journaltitle={J. Number Theory},
	volume={118},
	pages={123-144},
	doi={10.1016/j.jnt.2005.08.011},
	year={2004}
}

@article{whitney:tensor,
	author={Hassler Whitney},
	title={Tensor products of abelian groups},
	journaltitle={Duke Mathematical Journal},
	doi={10.1215/S0012-7094-38-00442-9},
	year={1938},
	keywords={historical, abstract-alg}
}
@book{bourbaki:algebre,
	author={Nicolas Bourbaki},
	maintitle={Éléments de Mathématique},
	title={Algèbre},
	subtitle={Chapitres 1-3},
	volume={2},
	part={1},
	year={1942},
	publisher={Hermann},
	keywords={historical, abstract-alg}
}
@book{artin:minimum,
	author={Emil Artin and Cecil J. Nesbitt and Robert M. Thrall},
	title={Rings with minimum condition},
	year={1946},
	publisher={University of Michigan Press},
	keywords={historical, abstract-alg}
}
@article{krull:dimensionstheorie,
	author={Wolfgang Krull},
	title={Dimensionstheorie in Stellenringen},
	journaltitle={J. Reine Angew. Math.},
	doi={10.1515/crll.1938.179.204},
	year={1938},
	keywords={historical, abstract-alg}
}
@article{grell:ringe,
	author={Heinrich Grell},
	title={Beziehungen zwischen den Idealen verschiedener Ringe},
	journaltitle={Math. Ann.},
	doi={10.1007/BF01447879},
	year={1927},
	keywords={historical, abstract-alg}
}
@article{chevalley:local,
	author={Claude Chevalley},
	title={On the Theory of Local Rings},
	journaltitle={Ann. of Math.},
	doi={10.2307/1969105},
	year={1944},
	keywords={historical, abstract-alg}
}
@article{noether:idealtheorie,
	author={Emmy Noether},
	title={Idealtheorie in Ringbereichen},
	journaltitle={Math. Ann.},
	doi={10.1007/978-3-642-39990-9_19},
	year={1921},
	keywords={historical, abstract-alg}
}
@article{lasker:ideale,
	author={E. Lasker},
	title={Zur Theorie der moduln und Ideale},
	journaltitle={Math. Ann.},
	doi={10.1007/BF01447495},
	year={1905},
	keywords={historical, abstract-alg}
}
@article{hilbert:formen,
	author={David Hilbert},
	title={Ueber die Theorie der algebraischen Formen},
	journaltitle={Math. Ann.},
	doi={10.1007/BF01208503},
	year={1890},
	keywords={historical, abstract-alg}
}
@article{hilbert:invariantensysteme,
	author={David Hilbert},
	title={Ueber die vollen Invariantensysteme},
	journaltitle={Math. Ann.},
	doi={10.1007/978-3-642-52012-9_19},
	year={1893},
	keywords={historical, abstract-alg}
}
@inproceedings{abel:memoire_cinquieme,
	author={Abel, Niels Henrik},
	editor={Sylow, L. and Lie, S.},
	title={Mémoire sur les equations algébriques, où l'on démontre l'impossibilité de la résolution de l'équation générale du cinquième degré},
	volume={1},
	edition={9},
	doi={10.1017/CBO9781139245807.004},
	year={1824},
	booktitle={Oeuvres complètes de Niels Henrik Abel},
	publisher={Cambridge University Press},
	series={Cambridge Library Collection - Mathematics},
	pages={28–33}
}
@inproceedings{abel:impossibilite,
	author={Abel, Niels Henrik},
	title={Démonstration de l'impossibilité de la résolution algébrique des équations générales qui passent le quatrième degré},
	doi={10.1017/CBO9781139245807.008},
	year={1826},
	booktitle={Oeuvres complètes de Niels Henrik Abel},
	editor={Sylow, L. and Lie, S.},
	publisher={Cambridge University Press},
	volume={1},
	edition={9},
	series={Cambridge Library Collection - Mathematics},
	pages={28–33}
}
@article{abel:memoire_classe,
	author={Niels Henrik Abel},
	title={Mémoire sur une classe particulière d'équations résolubles algébriquement},
	journaltitle={J. Reine Angew. Math.},
	doi={10.1515/crll.1829.4.131},
	year={1829},
	keywords={historical, abstract-alg}
}
@inproceedings{galois:resolubilite,
	author={Évariste Galois},
	title={Mémoire sur les conditions de résolubilité des équations par radicaux},
	year={1830},
	% journaltitle={Journal de mathématiques pures et appliquées},
	% url={http://www.bibnum.education.fr/mathematiques/algebre/memoire-sur-les-conditions-de-resolubilite-des-equations-par-radicaux},
	booktitle={The mathematical writings of Évariste Galois},
	editor={Peter M. Neumann},
	publisher={European Mathematical Society},
	series={Heritage of European Mathematics},
	pages={105-135},
	keywords={historical, abstract-alg}
}
@inproceedings{galois:primitives,
	author={Évariste Galois},
	title={Des équations primitives qui sont solubles par radicaux},
	year={1830},
	% journaltitle={Journal de mathématiques pures et appliquées},
	% url={http://www.bibnum.education.fr/mathematiques/algebre/memoire-sur-les-conditions-de-resolubilite-des-equations-par-radicaux},
	booktitle={The mathematical writings of Évariste Galois},
	editor={Peter M. Neumann},
	publisher={European Mathematical Society},
	series={Heritage of European Mathematics},
	pages={169-191},
	keywords={historical, abstract-alg}
}

@article{noether27ideal,
	author={Emmy Noether},
	title={Abstrakter Aufbau der Idealtheorie in algebraischen Zahl- und Funktionenkörpern},
	journaltitle={Math. Ann.},
	volume={96},
	pages={26-61},
	doi={10.1007/BF01209152},
	year={1927}
}
@article{krull37integritat3,
	author={Wolfgang Krull},
	title={Beiträge zur Arithmetik kommutativer Integritätsbereiche. III. Zum Dimensionsbegriff der Idealtheorie},
	journaltitle={Math. Z.},
	volume={42},
	pages={745-766},
	url={https://eudml.org/doc/168748},
	year={1937}
}
@article{cohen-seidenberg,
	author={I. S. Cohen and A. Seidenberg},
	title={Prime ideals and integral dependence},
	journaltitle={Bull. Amer. Math. Soc.},
	volume={52},
	pages={252-261},
	doi={10.1090/S0002-9904-1946-08552-3},
	year={1946}
}
@article{noether26endlichkeit,
	author={Emmy Noether},
	title={Der Endlichkeitssatz der Invarianten endlicher linearer Gruppen der Charakteristik {$p$}},
	journaltitle={Nachr. Ges. Wiss. Göttingen},
	pages={28-35},
	url={https://eudml.org/doc/59193},
	year={1926}
}
@article{zariski43birrational,
	author={Oscar Zariski},
	title={Foundations of a general theory of birational correspondence},
	journaltitle={Trans. Amer. Math. Soc.},
	volume={53},
	pages={490-542},
	doi={10.1090/S0002-9947-1943-0008468-9},
	year={1943}
}
@article{nagata53local,
	author={Masayoshi Nagata},
	title={Some Remarks on Local Rings},
	journaltitle={Nagoya Math. J.},
	volume={6},
	pages={53-58},
	doi={10.1017/S0027763000016974},
	year={1953}
}
@article{nagata56dedekind1,
	author={Masayoshi Nagata},
	title={A General Theory of Algebraic Geometry Over Dedekind Domains, I: The Notion of Models},
	journaltitle={Amer. J. Math.},
	volume={78},
	pages={78-116},
	doi={10.2307/2372486},
	year={1956}
}

@article{eakin68converse,
	author={Eakin Jr., Paul M.},
	title={The converse to a well known theorem on Noetherian rings},
	journaltitle={Math. Ann.},
	volume={177},
	pages={278-282},
	doi={10.1007/BF01350720},
	year={1968}
}
@article{nagata68subrings,
	author={Masayoshi Nagata},
	title={A type of subrings of a noetherian ring},
	journaltitle={J. Math. Kyoto Univ.},
	volume={8},
	pages={465-467},
	doi={10.1215/kjm/1250524062},
	year={1968}
}
@article{formanek73faithful,
	author={Edward Formanek},
	title={Faithful Noetherian modules},
	journaltitle={Proc. Amer. Math. Soc.},
	volume={41},
	pages={381-383},
	doi={10.1090/S0002-9939-1973-0379477-X},
	year={1973}
}
@article{jothilingam00eakin,
	author={P. Jothilingam},
	title={Cohen's theorem and Eakin-Nagata theorem revisited},
	journaltitle={Comm. Alg.},
	volume={28},
	pages={4861-4866},
	doi={10.1080/00927870008827126},
	year={2000}
}
@article{naghipour05cohen,
	author={A. R. Naghipour},
	title={A Simple Proof of Cohen's Theorem},
	journaltitle={Amer. Math. Mon.},
	volume={112},
	pages={825-826},
	doi={10.1080/00029890.2005.11920257},
	year={2005}
}

@article{diedonne66regular,
	author={Jean Dieudonné},
	title={On regular sequences},
	journaltitle={Nagoya Math. J.},
	volume={27},
	pages={355-356},
	doi={10.1017/S0027763000012095},
	year={1966}
}
@article{rees57grade,
	author={David Rees},
	title={The grade of an ideal or module},
	journaltitle={Math. Proc. Cambridge Phil. Soc.},
	volume={53},
	pages={28-42},
	doi={10.1017/S0305004100031960 },
	year={1957}
}
@article{aus-buchs58multiplicity,
	author={Maurice Auslander and David A. Buchsbaum},
	title={Codimension and Multiplicity},
	journaltitle={Ann. Math.},
	volume={68},
	pages={625-657},
	doi={10.2307/1970159},
	year={1958}
}
@article{cohen46structure,
	author={Irvin Sol Cohen},
	title={On the structure and ideal theory of complete local rings},
	journaltitle={Trans. Amer. Math. Soc.},
	volume={59},
	pages={54-106},
	doi={10.1090/S0002-9947-1946-0016094-3},
	year={1946}
}

@book{parikh:zariski_life,
	author={Carol Parikh},
	title={The unreal life of Oscar Zariski},
	year={2008},
	publisher={Springer Science+Business Media}
}

@article{hermite73exponencielle,
	author={Charles Hermite},
	title={Sur la fonction exponencielle},
	journaltitle={C. R. Acad. Sci.},
	volume={77},
	pages={18-24},
	doi={10.1017/CBO9780511702778.012},
	year={1873}
}
@article{lindemann82ludolphsche,
	author={von Lindemann, Ferdinand},
	title={Über die Ludolph'sche Zahl},
	journaltitle={Sitzungsberichte der Königlich Preussischen Akademie der Wissenschaften zu Berlin},
	volume={2},
	pages={679-682},
	year={1882}
}
@article{lindemann82pi,
	author={von Lindemann, Ferdinand},
	title={Über die Zahl {$\pi$}},
	journaltitle={Math. Ann.},
	volume={20},
	pages={213-225},
	doi={10.1007/bf01446522},
	year={1882}
}
@article{weierstrass85lind,
	author={Karl Weierstrass},
	title={Zu Lindemann's Abhandlung. ``Über die Ludolph'sche Zahl''},
	journaltitle={Sitzungsberichte der Königlich Preussischen Akademie der Wissenschaften zu Berlin},
	volume={5},
	pages={1067–1085},
	doi={10.1007/978-1-4757-3240-5_23},
	year={1885}
}

@book{dirichlet:zahlentheorie,
	author={Peter Gustav Lejeune Dirichlet},
	editor={Richard Dedekind},
	title={Vorlesungen über Zahlentheorie},
	year={1863},
	publisher={Braunschweig},
	keywords={historical, abstract-alg, number-theory}
}
@article{dedekind:nombres_entiers,
	author={Richard Dedekind},
	title={Sur la théorie des nombres entiers algébriques},
	journaltitle={Bull. Sci. Math. et Astronomiques},
	doi={10.1007/978-3-322-98606-1_3},
	year={1876},
	keywords={historical, abstract-alg, number-theory}
}
@article{kronecker:grossen,
	author={Leopold Kronecker},
	title={Grundzüge einer arithmetischen Theorie der algebraischen Grössen},
	journaltitle={J. Reine Angew. Math.},
	doi={10.1515/crll.1882.92.1},
	year={1882},
	keywords={historical, abstract-alg, number-theory}
}
@book{kummer:complexis,
	author={Ernst Eduard Kummer},
	title={De Numeris Complexis, Qui Radicibus Unitatis Et Numeris Integris Realibus Constant},
	year={1844},
	publisher={Kessinger Publishing},
	keywords={historical, abstract-alg, number-theory}
}
@article{kummer:primfactoren,
	author={Ernst Eduard Kummer},
	title={Theorie der idealen Primfactoren der complexen Zahlen, welche aus den Wurzeln der Gleichung {$\omega^n = 1$} gebildet sind,
	wenn n eine zusammengesetzte Zahl ist},
	journaltitle={Kgl. Preuss. Akad. Wiss},
	year={1856},
	keywords={historical, abstract-alg, number-theory}
}

@mvbook{kline:thought,
	author={Morris Kline},
	title={Mathematical Thought from Ancient to Modern Times},
	volumes={3},
	year={1972},
	publisher={Oxford University Press},
	keywords={history}
}
@article{edwards:ideal,
	author={Harold M. Edwards},
	title={The Genesis of Ideal Theory},
	journaltitle={Archive for History of Exact Sciences},
	doi={10.1007/bf00327914},
	year={1980},
	keywords={history}
}
@article{kiernan:galois,
	author={B. Melvin Kiernan},
	title={The development of Galois theory from Lagrange to Artin},
	journaltitle={Archive for History of Exact Sciences},
	doi={10.1007/BF00327219},
	year={1971},
	keywords={history, abstract-alg}
}
@article{dupuy:galois,
	author={Paul Dupuy},
	title={La vie d'Évariste Galois},
	journaltitle={Annales Scientifiques de L'École Normale Superieure},
	doi={10.24033/ASENS.427},
	year={1898},
	keywords={history, abstract-alg}
}
@inbook{roquette:valuation_i,
	author={Peter Roquette},
	title={History of Valuation Theory, Part I},
	booktitle={Valuation Theory and Its Applications},
	volume={1},
	editor={Franz-Viktor Kuhlmann and Salma Kuhlmann and Murray Marshall},
	year={2003},
	publisher={American Mathematical Society}
}
@inproceedings{ullrich:p-adic,
	author={Peter Ullrich},
	title={On the origins of {$p$}-adic analysis},
	booktitle={Symposia Gaussiana},
	booksubtitle={Proceedings of the 2nd Gauss Symposium},
	editor={Minaketan Behara and Rudolf Fritsch and Rubens G. Lintz},
	year={1995},
	publisher={Walter de Gruyter}
}

@book{grothendieck:cosechas,
	author={Alexandre Grothendieck},
	title={Cosechas y Siembras},
	translator={Juan A. Navarro},
	url={http://matematicas.unex.es/~navarro/res/},
	year={1986},
	keywords={history}
}

@article{banaschewski:alg_closure,
	author={Bernhard Banaschewski},
	title={Algebraic closure without choice},
	journaltitle={Mathematical Logic Quarterly},
	doi={10.1002/malq.19920380136},
	year={1992},
	keywords={abstract-alg}
}
@article{banaschewski:ultrafilter,
	author={Bernhard Banaschewski},
	title={The Power of the Ultrafilter Theorem},
	journaltitle={J. London Math. Soc.},
	doi={10.1112/jlms/s2-27.2.193},
	year={1983},
	keywords={}
}
@article{knebusch:witt,
	  title={Structure of Witt Rings and Quotients of Abelian Group Rings},
	  author={Manfred Knebusch and Alex Rosenberg and Roger Ware},
	  journaltitle={Amer. J. Math.},
	  year={1972},
	  volume={94},
	  pages={119},
	  doi={10.2307/2373597},
	  keywords={linear-alg}
}

@article{lubin:complex_multiplication,
	author={Jonathan Lubin and John Tate},
	title={Formal Complex Multiplication in Local Fields},
	journaltitle={Ann. Math.},
	doi={10.2307/1970622},
	year={1965},
}
@book{hazewinkel:formal,
	author={Michiel Hazewinkel},
	title={Formal groups and applications},
	year={1978},
	publisher={Academic Press},
	keywords={}
}

% ============ Álgebra lineal =======================
@book{navarro:licenciatura,
	author={Guimerá, Sancho},
	editor={Navarro González, Juan Antonio},
	title={Apuntes para una Licenciatura},
	subtitle={Algebra y Geometría},
	year={2017},
	url={matematicas.unex.es/~navarro/licenciatura.pdf},
	keywords={linear-alg, geometry}
}
@book{ibort:algebra,
	title={Notas de Álgebra Lineal},
	author={A Ibort and M A Rodríguez},
	year={2014},
	url={http://mimosa.pntic.mec.es/jgomez53/matema/docums/ibort-algebra_lineal.pdf},
	keywords={linear-alg}
}
@book{katznelson:linear,
	author={Yitzhak Katznelson and Yonatan R. Katznelson},
	title={A (Terse) Introduction to Linear Algebra},
	year={2008},
	publisher={American Mathematical Society},
	keywords={linear-alg}
}
@book{curtis:algebra,
	author={Curtis, Morton L},
	title={Abstract Linear Algebra},
	year={1990},
	publisher={Springer-Verlag New York Inc.},
	keywords={linear-alg}
}
@book{milnor:bilinear,
	author={John Milnor and Dale Husemoller},
	title={Symmetric Bilinear Forms},
	year={1973},
	publisher={Springer-Verlag Berlin Heidelberg},
	keywords={linear-alg}
}

% ============ Álgebra Conmutativa =======================
@book{sancho:algebra,
	author={Sancho de Salas, Carlos and Sancho de Salas, Pedro},
	title={Álgebra Conmutativa},
	subtitle={Geometría Algebraica},
	year={2013},
	publisher={Universidad de Extremadura},
	url={http://hdl.handle.net/10662/4439},
	keywords={}
}
@book{atiyah:commutative,
	author={M. F. Atiyah and I. G. McDonald},
	title={Introduction to Commutative Algebra},
	year={1969},
	publisher={Addison-Wesley},
	keywords={commutative_alg}
}
@mvbook{zariski:commutative,
	author={Oscar Zariski and Pierre Samuel},
	title={Commutative Algebra},
	volumes={2},
	year={1958},
	publisher={D. Van Nostrand},
	keywords={}
}
@book{milne:commutative,
	author={James S. Milne},
	title={A Primer of Commutative Algebra},
	year={2020},
	version={4.03},
	url={https://www.jmilne.org/math/xnotes/CA.pdf},
	keywords={commutative_alg}
}
@book{matsumura:ring,
	author={Hideyuki Matsumura},
	translator={Miles Reid},
	title={Commutative Ring Theory},
	year={1986},
	publisher={Cambridge University Press},
	series={{C}ambridge {S}tudies in {A}dvanced {M}athematics},
	number={8},
	keywords={commutative_alg}
}
@book{matsumura:algebra,
	author={Hideyuki Matsumura},
	title={Commutative Algebra},
	year={1969},
	publisher={W.A. Benjamin, Inc.},
	url={https://github.com/AareyanManzoor/Matsumura-Commutative-Algebra},
	keywords={commutative_alg}
}
@book{eisenbud:commutative,
	author={David Eisenbud},
	title={Commutative Algebra with a View Toward Algebraic Geometry},
	year={1994},
	publisher={Springer Science+Business Media},
	keywords={commutative_alg}
}
@book{nagata:local,
	author={Masayoshi Nagata},
	title={Local Rings},
	year={1962},
	publisher={Interscience},
	keywords={commutative_alg}
}
@book{serre:local_algebra,
	author={Jean-Pierre Serre},
	title={Local Algebra},
	year={1965},
	publisher={Springer-Verlag Berlin Heidelberg}
}
@book{lafon:locale,
	author={Jean-Pierre Lafon and Jean Marot},
	title={Algèbre locale},
	year={2002},
	publisher={Hermann}
}
@book{bruns:CM,
	author={Winfried Bruns and Jürgen Herzog},
	title={Cohen-Macaulay rings},
	year={1998},
	publisher={Cambridge University Press}
}

@book{majadas:smoothness,
	author={Javier Majadas and Antonio G. Rodicio},
	title={Smoothness, Regularity and Complete Intersection},
	year={2010},
	publisher={Cambridge University Press}
}
@book{ionescu:good_noetherian,
	author={Cristodor Ionescu},
	title={Classes of Good Noetherian Rings},
	year={2023},
	publisher={Birkhäuser}
}

@mvbook{rowen:ring,
	author={Louis H. Rowen},
	title={Ring Theory},
	volumes={2},
	year={1988},
	publisher={Academic Press},
	keywords={}
}

@article{rees:ideal,
	author={David Rees},
	title={Two Classical Theorems of Ideal Theory},
	journaltitle={Math. Proc. Cambridge Phil. Soc.},
	doi={10.1017/S0305004100031091},
	year={1956},
	keywords={}
}
@article{hochster74invariants,
	author={Melvin Hochster and Joel L. Roberts},
	title={Rings of invariants of reductive groups acting on regular rings are Cohen-Macaulay},
	journaltitle={Adv. Math.},
	volume={13},
	pages={115-175},
	doi={10.1016/0001-8708(74)90067-X},
	year={1974}
}

% ============ Álgebra homológica ========================
@book{castillo:AHAC,
	author={Carlos Ivorra Castillo},
	title={Álgebra Homológica y Álgebra Conmutativa},
	year={2020},
	url={https://www.uv.es/ivorra/Libros/Algcom.pdf},
	keywords={homological_alg}
}
@book{maclane:homology,
	author={Mac Lane, Saunders},
	title={Homology},
	year={1967},
	publisher={Springer-Verlag Berlin},
	keywords={homological_alg}
}
% @book{rotman:hom,
% 	author={Joseph J. Rotman},
% 	title={An Introduction to Homological Algebra},
% 	year={1979},
% 	publisher={Academic Press},
% 	keywords={homological_alg}
% }
@book{weibel:homological,
	author={Charles A. Weibel},
	title={An introduction to homological algebra},
	year={1994},
	publisher={Cambridge University Press},
	series={{C}ambridge {S}tudies in {A}dvanced {M}athematics},
	number={38},
	keywords={homological_alg}
}
@book{hilton:homological,
	author={Peter John Hilton and Urs Stammbach},
	title={A Course in Homological Algebra},
	year={1971},
	publisher={Springer-Verlag New York},
	series={{G}raduate {T}exts in {M}athematics},
	number={4},
	keywords={homological_alg}
}
@book{cartan:homological,
	author={Henri Cartan and Samuel Eilenberg},
	title={Homological Algebra},
	year={1956},
	publisher={Princeton University Press},
	keywords={homological_alg}
}
@article{grothendieck:tohoku,
	author={Alexander Grothendieck},
	title={Sur quelques points d'algèbre homologique},
	journaltitle={Tôhoku Math. J.},
	doi={10.2748/tmj/1178244839},
	% translator={Marcia L. Barr and Michael Barr},
	% url={http://www.math.mcgill.ca/barr/papers/gk.pdf},
	year={1957},
	keywords={homological_alg}
}
@book{rotman:homological,
	author={Joseph J. Rotman},
	title={An Introduction to Homological Algebra},
	year={1979},
	publisher={Springer Science+Business Media},
	edition={2},
	keywords={homological_alg}
}

@article{buchsbaum:exact,
	author={David Buchsbaum},
	title={Exact Categories and Dualities},
	journaltitle={Trans. Amer. Math. Soc.},
	doi={10.2307/1993003},
	year={1955},
	keywords={historical, category}
}
@article{gabriel:abelian,
	author={Pierre Gabriel},
	title={Des catégories abéliennes},
	journaltitle={Bull. Soc. Math. Fr.},
	doi={10.24033/bsmf.1583},
	year={1962},
	keywords={}
}
@article{lubkin:imbedding,
	author={Saul Lubkin},
	title={Imbedding of Abelian Categories},
	journaltitle={Trans. Amer. Math. Soc.},
	doi={10.2307/1993379},
	year={1960},
	keywords={historical, category}
}
@article{mitchell:imbedding,
	author={Barry Mitchell},
	title={The Full Imbedding Theorem},
	journaltitle={Amer. J. Math.},
	doi={10.2307/2373027},
	year={1960},
	keywords={historical, category}
}
@article{kan:adjoint,
	author={Daniel Kan},
	title={Adjoint functors},
	journaltitle={Trans. Amer. Math. Soc.},
	doi={10.1090/S0002-9947-1958-0131451-0},
	year={1958},
	keywords={historical, category}
}
@article{baer:erweiterung,
	author={Reinhold Baer},
	title={Erweiterung von Gruppen und ihren Isomorphismen},
	journaltitle={Math. Z.},
	doi={10.1007/BF01170643},
	year={1934},
	keywords={historical, category}
}
@article{baer:injective,
	author={Reinhold Baer},
	title={Abelian groups that are direct summands of every containing abelian group},
	journaltitle={Bull. Amer. Math. Soc.},
	doi={10.1090/S0002-9904-1940-07306-9},
	year={1940},
	keywords={historical, category}
}
@article{eilenberg:group,
	author={Samuel Eilenberg and Mac Lane, Saunders},
	title={Group Extensions and Homology},
	journaltitle={Ann. Math.},
	doi={10.2307/1968966},
	year={1942},
	keywords={historical, category}
}
@article{hurewicz:duality,
	author={Witold Hurewicz},
	title={On duality theorems},
	journaltitle={Bull. Amer. Math. Soc.},
	year={1941},
	keywords={historical, category}
}
@article{eilenberg:axiomatic_homology,
	author={Samuel Eilenberg and Norman E. Steenrod},
	title={Axiomatic approach to Homology Theory},
	journaltitle={Proc. Natl. Acad. Sci. USA},
	doi={10.1073/pnas.31.4.117},
	year={1945},
	keywords={historical, category}
}
@article{maclane:groups,
	author={Mac Lane, Saunders},
	title={Groups, Categories and Duality},
	journaltitle={Proc. Natl. Acad. Sci. USA.},
	doi={10.1073/pnas.34.6.263},
	year={1948},
	keywords={historical, category}
}
@article{heller:homological,
	author={Alex Heller},
	title={Homological Algebra in Abelian Categories},
	journaltitle={Ann. of Math.},
	doi={10.2307/1970153},
	year={1958},
	keywords={historical, category}
}

% ============ Álgebra homológica (módulos) ==============
@book{lam:modules,
	author={Tsit-Yuen Lam},
	title={Lectures on modules and rings},
	year={1999},
	publisher={Springer-Verlag New York},
	series={{G}raduate {T}exts in {M}athematics},
	number={189},
	keywords={homological_alg, modules}
}
@book{rowen:graduate_noncomm,
	author={Louis Halle Rowen},
	title={Graduate Algebra},
	subtitle={Noncommutative View},
	volume={2},
	year={2008},
	publisher={American Mathematical Society},
	keywords={}
}
@book{anderson:rings,
	author={Frank W. Anderson and Kent R. Fuller},
	title={Rings and Categories of Modules},
	year={1974},
	edition={2},
	publisher={Springer-Verlag New York},
	series={{G}raduate {T}exts in {M}athematics},
	number={13},
	keywords={homological_alg, modules}
}

% ============ Geometría Algebraica ======================
% @mvbook{shafarevich:basic,
% 	author={Igor Shafarevich},
% 	title={Basic Algebraic Geometry},
% 	volumes={2},
% 	year={2013},
% 	publisher={Springer-Verlag Berlin Heidelberg},
% 	keywords={algebraic_geometry}
% }
@book{castillo:GA,
	author={Carlos Ivorra Castillo},
	title={Geometría Algebraica},
	year={2020},
	url={https://www.uv.es/ivorra/Libros/GA.pdf},
	keywords={algebraic_geometry}
}
@book{hartshorne:algebraic,
	author={Robin Hartshorne},
	title={Algebraic Geometry},
	year={1977},
	publisher={Springer-Verlag New York},
	series={{G}raduate {T}exts in {M}athematics},
	number={52},
	keywords={algebraic_geometry}
}
@book{cutkosky:geometry,
	author={Steven Dale Cutkosky},
	title={Introduction to Algebraic Geometry},
	year={2018},
	publisher={American Mathematical Society},
	keywords={algebraic_geometry}
}
@online{milne:AG,
	author={James S. Milne},
	title={Algebraic Geometry},
	year={2017},
	version={6.02},
	url={https://www.jmilne.org/math/CourseNotes/ag.html},
	keywords={algebraic_geometry}
}
@book{sancho:GA,
	author={Sancho de Salas, Fernando and Sancho de Salas, Pedro},
	title={Geometría Algebraica},
	% urldate={2012-11-14},
	year={2012},
	url={http://matematicas.unex.es/~sancho/LibroGeometriaAlgebraica/geometria0.pdf},
	keywords={algebraic_geometry}
}
@book{kunz:AG,
	author={Ernst Kunz},
	title={Introduction to Commutative Algebra and Algebraic Geometry},
	year={1933},
	publisher={Birkhäuser},
	keywords={algebraic_geometry}
}
@book{fulton:curves,
	author={William Fulton},
	title={Algebraic Curves},
	subtitle={An Introduction to Algebraic Geometry},
	url={http://www.math.lsa.umich.edu/~wfulton/CurveBook.pdf},
	publisher={W. A. Benjamin, Inc.},
	year={1969},
	keywords={algebraic_geometry}
}
@book{smith:AG,
	author={Karen E. Smith and Lauri Kahanpää and Pekka Kekäläinen and William Traves},
	title={An Invitation to Algebraic Geometry},
	year={2000},
	publisher={Springer-Verlag New York},
	keywords={algebraic_geometry}
}

@book{kempf:varieties,
	author={George R. Kempf},
	title={Algebraic Varieties},
	year={1993},
	publisher={Cambridge University Press}
}

@book{castillo:esquemas,
	author={Carlos Ivorra Castillo},
	title={Esquemas},
	year={2022},
	url={https://www.uv.es/ivorra/Libros/Esquemas.pdf}
}
@book{liu:algebraic,
	author={Qing Liu},
	title={Algebraic Geometry and Arithmetic Curves},
	year={2002},
	publisher={Oxford University Press}
}
@book{vakil:rising_sea,
	author={Raki Vakil},
	title={The Rising Sea},
	subtitle={Foundations of Algebraic Geometry},
	date={2023-05-15}
}
@book{gortz:algebraic,
	author={Ulrich Görtz and Torsten Wedhorn},
	series={Algebraic Geometry},
	title={Schemes},
	subtitle={With Examples and Exercises},
	volume={I},
	year={2010},
	edition={2},
	publisher={Springer Spektrum Wiesbaden}
}
@book{gortz:algebraic_ii,
	author={Ulrich Görtz and Torsten Wedhorn},
	series={Algebraic Geometry},
	title={Cohomology of Schemes},
	subtitle={With Examples and Exercises},
	volume={II},
	year={2023},
	publisher={Springer Spektrum Wiesbaden}
}
@book{mumford:red,
	author={David Mumford},
	title={The Red Book of Varieties and Schemes},
	edition={2},
	year={1974},
	publisher={Springer-Verlag}
}
@book{mumford:geometry_ii,
	author={David Mumford and Tadao Oda},
	title={Algebraic Geometry II},
	year={2015},
	publisher={Hindustan Book Agency}
}

@online{stacks,
	shorthand={Stacks},
	author={de Jong, Aise Johan and others},
	title={Stacks project},
	url={https://stacks.math.columbia.edu/}
}

@book{ega-i,
	shorthand={EGA I},
	author={Alexander Grothendieck and Jean Dieudonné},
	maintitle={Éléments de Géométrie Algébrique},
	volume={I},
	title={Le langage des schémas},
	year={1971},
	publisher={Springer Berlin, Heidelberg}
}
@book{ega-ii,
	shorthand={EGA II},
	author={Alexander Grothendieck and Jean Dieudonné},
	maintitle={Éléments de Géométrie Algébrique},
	volume={II},
	title={Étude globale élémentaire de quelques classes de morphismes},
	year={1961},
	publisher={Publ. Math. IHÉS},
	number={8}
}
@book{ega-iii1,
	shorthand={EGA III\textsubscript{1}},
	author={Alexander Grothendieck and Jean Dieudonné},
	maintitle={Éléments de Géométrie Algébrique},
	volume={III},
	title={Étude cohomologique des faisceaux cohérents},
	part={1},
	year={1961},
	publisher={Publ. Math. IHÉS},
	number={11}
}
@book{ega-iii2,
	shorthand={EGA III\textsubscript{2}},
	author={Alexander Grothendieck and Jean Dieudonné},
	maintitle={Éléments de Géométrie Algébrique},
	volume={III},
	title={Étude cohomologique des faisceaux cohérents},
	part={2},
	year={1963},
	publisher={Publ. Math. IHÉS},
	number={17}
}
@book{ega-iv1,
	shorthand={EGA IV\textsubscript{1}},
	author={Alexander Grothendieck and Jean Dieudonné},
	maintitle={Éléments de Géométrie Algébrique},
	volume={IV},
	title={Étude locale des schémas et des morphismes de schémas},
	part={1},
	year={1964},
	publisher={Publ. Math. IHÉS},
	number={20}
}
@book{ega-iv2,
	shorthand={EGA IV\textsubscript{2}},
	author={Alexander Grothendieck and Jean Dieudonné},
	maintitle={Éléments de Géométrie Algébrique},
	volume={IV},
	title={Étude locale des schémas et des morphismes de schémas},
	part={2},
	year={1965},
	publisher={Publ. Math. IHÉS},
	number={24}
}
@book{ega-iv3,
	shorthand={EGA IV\textsubscript{3}},
	author={Alexander Grothendieck and Jean Dieudonné},
	maintitle={Éléments de Géométrie Algébrique},
	volume={IV},
	title={Étude locale des schémas et des morphismes de schémas},
	part={3},
	year={1966},
	publisher={Publ. Math. IHÉS},
	number={28}
}
@book{ega-iv4,
	shorthand={EGA IV\textsubscript{4}},
	author={Alexander Grothendieck and Jean Dieudonné},
	maintitle={Éléments de Géométrie Algébrique},
	volume={IV},
	title={Étude locale des schémas et des morphismes de schémas},
	part={4},
	year={1967},
	publisher={Publ. Math. IHÉS},
	number={32}
}

@article{serre:fac,
	author={Jean-Pierre Serre},
	title={Faisceaux Algébriques Cohérents},
	journaltitle={Ann. Math.},
	volume={61},
	pages={197-278},
	doi={10.2307/1969915},
	year={1954}
}
@article{dieudonne69fondements,
	author={Jean Dieudonné},
	title={Fondements de la géométrie algébrique moderne},
	journaltitle={Adv. Math.},
	volume={3},
	pages={322-413},
	doi={10.1016/0001-8708(69)90007-3},
	year={1969}
}

@article{hartshorne66vector,
	author={Robin Hartshorne},
	title={Ample vector bundles},
	journaltitle={Publ. Math. IHÉS},
	volume={29},
	pages={63-94},
	url={http://www.numdam.org/item/?id=PMIHES_1966__29__63_0},
	year={1966}
}

@article{conrad2007nagata,
	author={Brian Conrad},
	title={Deligne's notes on Nagata compactifications},
	journaltitle={J. Ramanujan Math. Soc.},
	volume={22},
	pages={205-257},
	url={http://math.stanford.edu/~conrad/papers/nagatafinal.pdf},
	year={2007}
}
@article{nagata62imbedding,
	author={Masayoshi Nagata},
	title={Imbedding of an abstract variety in a complete variety},
	journaltitle={J. Math. Kyoto Univ.},
	volume={2},
	pages={1-10},
	doi={10.1215/kjm/1250524969},
	year={1962}
}
@article{nagata63generalization,
	author={Masayoshi Nagata},
	title={A generalization of the imbedding problem of an abstract variety in a complete variety},
	journaltitle={J. Math. Kyoto Univ.},
	volume={3},
	pages={89-102},
	doi={10.1215/kjm/1250524859},
	year={1963}
}

@book{altman:duality,
	author={Allen Altman and Steven L. Kleiman},
	title={Introduction to Grothendieck duality theory},
	year={1970},
	publisher={Springer-Verlag}
}
@book{hartshorne:residues,
	author={Robin Hartshorne},
	title={Residues and Duality},
	year={1966},
	publisher={Springer-Verlag}
}
@book{huybrechts:fourier-mukai,
	author={Daniel Huybrechts},
	title={Fourier-Mukai transforms in algebraic geometry},
	year={2006},
	publisher={Oxford University Press},
}
@article{kleiman80relative,
	author={Steven L. Kleiman},
	title={Relative duality for quasi-coherent sheaves},
	journaltitle={Compositio Math.},
	volume={41},
	pages={39-60},
	url={http://www.numdam.org/item?id=CM_1980__41_1_39_0},
	year={1980}
}

@book{jouanolou:bertini,
	author={Jean-Pierre Jouanolou},
	title={Théorèmes de Bertini et applications},
	year={1983},
	publisher={Birkhäuser}
}
@article{fulton79connected,
	author={William Fulton and Johan Hansen},
	title={A Connectedness Theorem for Projective Varieties, with Applications to Intersections and Singularities of Mappings},
	journaltitle={Ann. of Math.},
	volume={110},
	pages={159-166},
	doi={10.2307/1971249},
	year={1979}
}

@book{hartshorne:ample,
	author={Robin Hartshorne},
	title={Ample Subvarieties of Algebraic Varieties},
	year={1970},
	publisher={Springer-Verlag}
}
@book{fulton:intersection,
	author={William Fulton},
	title={Intersection theory},
	year={1998},
	publisher={Springer-Verlag}
}

@book{freitag:etale,
	author={Eberhard Freitag and Reinhardt Keihl},
	title={Étale Cohomology and the Weil Conjecture},
	year={1988},
	publisher={Springer-Verlag}
}
@book{poonen:rational,
	author={Bjorn Poonen},
	title={Rational Points on Varieties},
	year={2017},
	publisher={American Mathematical Society}
}
@book{milne:etale,
	author={James S. Milne},
	title={Étale Cohomology},
	year={1980},
	publisher={Princeton University Press}
}

@proceedings{FGA_expl,
	title={Fundamental Algebraic Geometry},
	subtitle={Grothendieck's FGA explained},
	editor={Barbara Fantechi and Lothar Göttsche and Luc lllusie and Steven L. Kleiman and Nitin Nitsure and Angelo Vistoli},
	series={Mathematical surveys and monographs},
	number={123},
	year={2005},
	publisher={American Mathematical Society}
}
@inproceedings{kleiman05picard,
	author={Steven L. Kleiman},
	title={The Picard scheme},
	crossref={FGA_expl},
	pages={237-321}
}
@inproceedings{nitsure05hilbert,
	author={Nitin Nitsure},
	title={Construction of Hilbert and Quot schemes},
	crossref={FGA_expl},
	pages={107-138}
}
@book{sernesi:deformations,
	author={Edoardo Sernesi},
	title={Deformations of Algebraic Schemes},
	year={2006},
	publisher={Springer-Verlag},
	series={Grundlehren der mathematischen Wissenschaften},
	number={334}
}

@book{sga-i,
	shorthand={SGA I},
	author={Alexander Grothendieck and Michel Raynaud},
	maintitle={Séminaire de Géométrie Algébrique du Bois Marie (SGA)},
	volume={I},
	title={Revêtements étales et groupe fondamental},
	year={1960},
	eprint={math/0206203},
	archivePrefix={arXiv},
	primaryClass={math.AG},
	publisher={Springer-Verlag}
}
@book{szamuely:fund_grp,
	author={Tamás Szamuely},
	title={Galois groups and fundamental groups},
	year={2009},
	publisher={Cambridge University Press}
}

@book{milne:lectures_etale,
	author={James S. Milne},
	title={Lectures on étale cohomology (v2.21)},
	date={2013-03-22},
	url={https://www.jmilne.org/math/CourseNotes/lec.html}
}

@article{LangWeil54points,
	author={Serge Lang and André Weil},
	title={Number of points of varieties in finite fields},
	journaltitle={Amer. J. Math.},
	volume={76},
	pages={819-827},
	doi={10.2307/2372655},
	year={1954}
}

@article{hochster1969thesis,
	author={Melvin Hochster},
	title={Prime Ideal Structure in Commutative Rings},
	journaltitle={Trans. Amer. Math. Soc.},
	volume={142},
	pages={43-60},
	doi={10.2307/1995344},
	year={1969}
}
@article{banaschewski96ideal,
	author={Bernhard Banaschewski},
	title={Radical ideals and coherent frames},
	journaltitle={Math. Univ. Carolinae},
	volume={37},
	number={2},
	pages={349-370},
	url={https://eudml.org/doc/247876},
	year={1996}
}
@book{dickmann:spectral,
	author={Max Dickmann and Niels Schwartz, and Marcus Tressl},
	title={Spectral Spaces},
	year={2019},
	publisher={Cambridge University Press},
	series={New Mathematical Monographs},
	number={35}
}

@article{kleiman79misconceptions,
	author={Steven L. Kleiman},
	title={Misconceptions about {$K_X$}},
	journaltitle={L'Enseignement Mathématique},
	volume={25},
	pages={203-206},
	doi={10.5169/seals-50379},
	year={1979}
}

@article{artin24quadratische,
	author={Emil Artin},
	title={Quadratische Körper im Gebiete der höheren Kongruenzen I},
	journaltitle={Math. Z.},
	volume={19},
	pages={153-206},
	doi={10.1007/BF01181074},
	year={1924}
}
@article{hasse33riemannschen,
	author={Edmund Hasse},
	title={Beweis analogous der Riemannschen Vermutung für die Artinsche und F. K. Schmidtschen Kongruenz-zetafunktionen in gewisse elliptischen Fallen},
	journaltitle={Nachr. Akad. Wiss. Göttingen},
	pages={253-262},
	url={http://eudml.org/doc/59426},
	year={1933}
}
@inproceedings{bombieri73counting,
	author={Enrico Bombieri},
	title={Counting points on curves over finite fields (d'après S. A. Stepanov)},
	booktitle={Seminaire Bourbaki},
	booksubtitle={Vol 1972/73, Exposés 418-435},
	editor={Nicholas Bourbaki},
	year={1973},
	url={http://www.numdam.org/item/SB_1972-1973__15__234_0/},
	publisher={Springer-Verlag Berlin Heidelberg},
	number={430}
}
@article{stepanov69number,
	author={S. A. Stepanov},
	title={The number of points of a hyperelliptic curve over a finite prime field},
	journaltitle={Math. USSR Izv.},
	volume={33},
	pages={1103-1114},
	doi={10.1070/IM1969v003n05ABEH000834},
	year={1969}
}
@article{weil41riemann,
	author={André Weil},
	title={On the Riemann Hypothesis in Function-Fields},
	journaltitle={Proc. Nat. Acad. Sci. USA.},
	volume={27},
	pages={345-347},
	doi={10.1073/pnas.27.7.345},
	year={1941}
}
@book{weil48courbes,
	author={André Weil},
	title={Sur les Courbes Algébriques et les Variétés qui s'en Déduisent},
	year={1948},
	publisher={Hermann}
}
@article{weil48exponential,
	author={André Weil},
	title={On some exponential sums},
	journaltitle={Proc. Nat. Acad. Sci. USA.},
	volume={34},
	pages={204-207},
	doi={10.1073/pnas.34.5.204},
	year={1948}
}

@article{stone37brouwerian,
	author={Marshall H. Stone},
	title={Topological representations of distributive lattices and Brouwerian logics},
	journaltitle={Časopis pro pěstování matematiky a fysiky},
	volume={67},
	pages={1-25},
	doi={10.21136/cpmf.1938.124080},
	year={1937}
}
@article{krull32allgemeine,
    author={Krull, Wolfgang},
    title={Allgemeine Bewertungstheorie},
    journal={J. reine angew. Math},
    year={1932},
    volume={167},
    url={https://eudml.org/doc/149803},
    pages={160-196}
}
@article{fontana80topological_rings,
	author={Marco Fontana},
	title={Topologically defined classes of commutative rings},
	journaltitle={Ann. Mat. Pura Appl.},
	volume={123},
	pages={331-355},
	doi={10.1007/BF01796550},
	year={1980}
}

@book{dieudonne:history,
	author={Jean Dieudonné},
	title={History of Algebraic Geometry},
	subtitle={An Outline of the History and Development of Algebraic Geometry},
	year={1974},
	publisher={Wadsworth},
	keywords={history}
}

@book{krantz:apocrypha_redux,
	author={Steven G. Kratz},
	title={Mathematical Apocrypha Redux},
	subtitle={More Stories and Anecdotes of Mathematicians and the Mathematical},
	year={2005},
	publisher={Mathematical Association of America}
}

% ============ Grupos algebraicos y variedades abelianas =
@book{brion:alg_gr,
	author={Michel Brion and Preena Samuel and V. Uma},
	title={Lectures on the structure of algebraic groups and geometric applications},
	year={2013},
	publisher={Hindustan Book Agency}
}
@misc{brion2016structure,
      title={Some structure theorems for algebraic groups}, 
      author={Michel Brion},
      year={2016},
      eprint={1509.03059},
      archivePrefix={arXiv},
      primaryClass={math.AG}
}
@book{milne:alg_grp,
	author={James S. Milne},
	title={Algebraic Groups},
	subtitle={The Theory of Group Schemes of Finite Type over a Field},
	year={2017},
	publisher={Cambridge University Press}
}

@book{abe:hopf,
	author={Eiichi Abe},
	title={Hopf algebras},
	year={1977},
	publisher={Cambridge University Press}
}

@inproceedings{cartier62groupes_alg,
	author={Pierre Cartier},
	title={Groupes algébriques et groupes formels},
	booktitle={Colloq. Théorie des Groupes Algébriques (Bruxelles, 1962)},
	publisher={Libraire Universitaire, Louvain},
	pages={87-111},
	year={1962}
}

@book{mumford:abelian,
	author={David Mumford},
	title={Abelian Varieties},
	year={1970},
	publisher={Oxford University Press}
}
@article{faltings83abelsche,
	author={Gerd Faltings},
	title={Endlichkeitssätze für abelsche Varietäten über Zahlkörpern},
	journaltitle={Invent. math.},
	volume={73},
	pages={349-366},
	doi={10.1007/BF01388432},
	year={1983}
}
	% xref={faltings86finiteness}
@article{tate1966abelian,
	author={John Tate},
	title={Endomorphisms of abelian varieties over finite fields},
	journaltitle={Invent. math.},
	volume={2},
	pages={134-144},
	doi={10.1007/BF01404549},
	year={1966}
}
@book{milne:abelian,
	author={James S. Milne},
	title={Abelian Varieties},
	url={https://www.jmilne.org/math/CourseNotes/av.html},
	date={2008-03-16}
}

@proceedings{cornell:arithmetic,
	title={Arithmetic Geometry},
	editor={Gary Cornell and Joseph H. Silverman},
	year={1986},
	publisher={Springer-Verlag}
}
@inproceedings{milne86jacobian,
	author={James S. Milne},
	title={Jacobian Varieties},
	booktitle={Arithmetic Geometry},
	crossref={cornell:arithmetic},
	pages={167-212},
	year={1986}
}
@inproceedings{milne86abelian,
	author={James S. Milne},
	title={Abelian Varieties},
	crossref={cornell:arithmetic},
	pages={103-150}
}
@inproceedings{silverman86heights,
	author={Joseph H. Silverman},
	title={Heights and Elliptic Curves},
	crossref={cornell:arithmetic},
	pages={253-265}
}
@inproceedings{faltings86finiteness,
	author={Gerd Faltings},
	title={Finiteness Theorems for Abelian Varieties over Number Fields},
	crossref={cornell:arithmetic},
	pages={9-27}
}
@inproceedings{chai86moduli,
	author={Ching-Li Chai},
	title={Siegel Moduli Schemes and Their Compactifications over {$\C$}},
	crossref={cornell:arithmetic},
	pages={231-252}
}

@inproceedings{frey1989links,
	author={Frey, Gerhard},
	editor={Schlickewei, Hans Peter and Wirsing, Eduard},
	title={Links between solutions of {$A-B=C$} and elliptic curves},
	booktitle={Number Theory},
	year={1989},
	publisher={Springer Berlin Heidelberg},
	address={Berlin, Heidelberg},
	pages={31-62},
	% isbn={978-3-540-46205-7}
}
@inproceedings{deligne85faltings,
     author = {Deligne, Pierre},
     title = {Preuve des conjectures de {Tate} et de {Shafarevitch} (d'apr{è}s {G. Faltings})},
     booktitle = {S\'eminaire Bourbaki : volume 1983/84, expos\'es 615-632},
     series = {Ast\'erisque},
     % note = {talk:616},
     pages = {25-41},
     publisher = {Soci\'et\'e math\'ematique de France},
     % number = {121-122},
     year = {1985},
     mrnumber = {768952},
     zbl = {0591.14026},
     % language = {fr},
     url = {http://www.numdam.org/item/SB_1983-1984__26__25_0/}
}

@inproceedings{soule97hermitian,
	author={Christophe Soulé},
	title={Hermitian vector bundles on arithmetic varieties},
	booktitle={Algebraic Geometry Santa Cruz 1995},
	volume={62},
	part={1},
	pages={383-419},
	year={1997}
}
@article{moret_bailly90chern,
	author={Laurent Moret-Bailly},
	title={Hauteurs et classes de Chern sur les surfaces arithm{é}tiques},
	journaltitle={Ast{é}risque},
	volume={183},
	pages={37-58},
	doi={http://www.numdam.org/item/?id=AST_1990__183__37_0},
	year={1990}
}
@article{bost90explicit,
	author={Jean-Benoît Bost and Jean-François Mestre and Laurent Moret-Bailly},
	title={Sur le calcul explicite des {<< classes de Chern >>} des surfaces arithm{é}tiques de genre 2},
	journaltitle={Ast{é}risque},
	volume={183},
	pages={69-105},
	doi={http://www.numdam.org/item?id=AST_1990__183__69_0},
	year={1990}
}

@proceedings{faltings:rational,
	title={Rational Points},
	subtitle={Seminar Bonn-Wuppertal 1983/84},
	editor={Gerd Faltings and Gisbert Wüstholz},
	volume={E6},
	year={1992},
	publisher={Springer Fachmedien Wiesbaden},
	organization={Max-Planck-Institut fUr Mathematik},
	location={Bonn},
	series={Aspects of Mathematics}
}
@inproceedings{stuhler83intersection,
	author={Ulrich Stuhler},
	title={Intersection theory on arithmetic surfaces},
	crossref={faltings:rational},
	pages={228-268}
}

@book{huybrechts:geometry,
	author={Daniel Huybrechts},
	title={Complex Geometry},
	year={2005},
	publisher={Springer-Verlag}
}

@article{perrin76approximation,
	author={Daniel Perrin},
	title={Approximation des schémas en groupes, quasi compacts sur un corps},
	journaltitle={Bull. Soc. Math. France},
	volume={104},
	pages={323-335},
	doi={10.24033/bsmf.1830},
	year={1976}
}
@book{polishchuk:abelian,
	author={Alexander Polishchuck},
	title={Abelian Varieties, Theta Functions and the Fourier Transform},
	year={2003},
	publisher={Cambridge University Press}
}

@book{vanDerGeer:abelian,
	author={Bas Edixhoven and van der Geer, Gerard and Ben Moonen},
	title={Abelian Varieties},
	url={http://van-der-geer.nl/~gerard/AV.pdf}
}

% ============ Conjeturas de Weil ========================
@inproceedings{deligne:cohomologie,
	author={Pierre Deligne},
	title={Cohomologie étale: les points de départ},
	booktitle={Séminaire de Géométrie Algébrique de Bois-Maire (SGA {$4\tfrac{1}{2}$})},
	series={{L}ecture {N}otes in {M}athematics},
	number={569},
	editor={Alexander Grothendieck and others},
	url={https://github.com/NomiL/sga4.5/},
	year={1977},
	publisher={Springer-Verlag},
	keywords={weil_conjectures}
}
@inproceedings{milne:riemann,
	author={James S. Milne},
	title={The Riemann Hypothesis over Finite Fields: From Weil to the Present Day},
	booktitle={The Legacy of Bernhard Riemann After One Hundred And Fifty Years},
	editor={Lizhen Ji and Frans Oort and Shing-Tung Yau},
	year={2016},
	publisher={International Press},
	keywords={weil_conjectures}
}
@book{artin:gr-tops,
	author={Michael Artin},
	title={Grothendieck topologies},
	year={1962},
	publisher={Harvard University},
	url={http://www.math.nagoya-u.ac.jp/~larsh/teaching/S2013_AG/grothendiecktopologies.pdf},
	keywords={weil_conjectures}
}

@article{deligne:weil_i,
	author={Pierre Deligne},
	title={La conjecture de Weil I},
	journaltitle={Publ. Math. I.H.É.S.},
	volume={43},
	pages={273-307},
	url={http://www.numdam.org/item/?id=PMIHES_1974__43__273_0},
	year={1974}
}
@article{deligne:weil_ii,
	author={Pierre Deligne},
	title={La conjecture de Weil II},
	journaltitle={Publ. Math. I.H.É.S.},
	volume={52},
	pages={137-252},
	url={http://www.numdam.org/item/PMIHES_1980__52__137_0/},
	year={1980}
}

@book{thomas:zeta,
	author={Alan David Thomas},
	title={Zeta-functions},
	subtitle={An introduction to algebraic geometry},
	year={1977},
	publisher={Pitman},
}
@book{roquette:riemann,
	author={Peter Roquette},
	title={The Riemann Hypothesis in Characteristic {$p$} in Historical Perspective},
	year={2018},
	publisher={Springer Nature Switzerland},
	series={{L}ecture {N}otes in {M}athematics},
	number={2222}
}

@article{campana91tangent,
	author={Frédéric Campana and Thomas Peternell},
	title={Projective manifolds whose tangent bundles are numerically effective},
	journaltitle={Math. Ann.},
	volume={289},
	pages={169-187},
	doi={10.1007/BF01446566},
	year={1991}
}
@misc{milne2007tate,
      title={The Tate conjecture over finite fields (AIM talk)}, 
      author={James S. Milne},
      year={2007},
      eprint={0709.3040},
      archivePrefix={arXiv},
      primaryClass={math.AG}
}
@inproceedings{tate94conjectures,
	author={John Tate},
	title={Conjectures on Algebraic Cycles in {$\ell$}-adic Cohomology},
	booktitle={Motives},
	crossref={motive},
	pages={71-83},
	% doi={10.1090/pspum/055.1/1265523},
	year={1994}
}
@inproceedings{tate66birch,
	author = {Tate, John},
	title = {On the conjectures of {Birch} and {Swinnerton-Dyer} and a geometric analog},
	booktitle = {Séminaire Bourbaki: années 1964/65 1965/66, exposés 277-312},
	editor = {Nicholas Bourbaki},
	series = {Séminaire Bourbaki},
	note = {talk:306},
	publisher = {Société mathématique de France},
	number = {9},
	year = {1966},
	zbl = {0199.55604},
	mrnumber = {1610977},
	url = {http://www.numdam.org/item/SB_1964-1966__9__415_0/}
}
@inproceedings{tate65cycles,
	author={John Tate},
	title={Algebraic cycles and poles of zeta functions},
	booktitle={Arithmetical Algebraic Geometry},
	editor={O. F. G. Schilling},
	publisher={Harper {\&} Row},
	pages={93-110},
	year={1965}
}

@book{andre:motifs,
	author={Yves André},
	title={Une introduction aux motifs},
	subtitle={Motifs purs, motifs mixtes, périodes},
	year={2004},
	publisher={Société Mathématique de France}
}
@book{murre:motives,
	author={Jacob P. Murre and Jan Nagel and Chris A. M. Peters},
	title={Lectures on the Theory of Pure Motives},
	year={2013},
	publisher={American Mathematical Society},
	series={University Lectures},
	number={71}
}
@article{iyer2011CK,
	author={Jaya Nn Iyer},
	title={Absolute Chow–Künneth Decomposition for Rational Homogeneous Bundles and for Log Homogeneous Varieties},
	journaltitle={Michigan Math. J.},
	volume={60},
	pages={79-91},
	doi={10.1307/MMJ/1301586305},
	year={2011}
}
@article{mori79ample,
	author={Shigefumi Mori},
	title={Projective Manifolds with Ample Tangent Bundles},
	journaltitle={Ann. Math.},
	volume={110},
	pages={593-606},
	doi={10.2307/1971241},
	year={1979}
}

@proceedings{motive,
	title={Motives},
	editor={Uwe Jannsen and Steven L. Kleiman and Jean-Pierre Serre},
	year={1991},
	publisher={American Mathematical Society},
	organization={University of Washington},
	number={55},
	series={Proc. of Symp. in Pure Math.}
}
@inproceedings{kleiman94standard,
	author={Steven L. Kleiman},
	title={The Standard Conjectures},
	booktitle={Motives},
	crossref={motive},
	pages={3-20},
	year={1994}
}

@book{kollar:ratcurve,
	author={János Kollár},
	title={Rational curves on algebraic varieties},
	year={2001},
	publisher={Springer-Verlag}
}
@book{voisin:hodge,
	author={Claire Voisin},
	title={Hodge theory and complex algebraic geometry I},
	year={2003},
	publisher={Cambridge University Press}
}

% ============ Teoría de conjuntos =======================
% @book{castillo:logica,
% 	author={Carlos Ivorra Castillo},
% 	title={Lógica y Teoría de Conjuntos},
% 	year={2019},
% 	url={https://www.uv.es/ivorra/Libros/Logica.pdf},
% 	keywords={set-theory}
% }
@book{castillo:conjuntos,
	author={Carlos Ivorra Castillo},
	title={Teoría de Conjuntos},
	year={2019},
	url={https://www.uv.es/ivorra/Libros/TC.pdf},
	keywords={set-theory}
}
@book{jech:set,
	author={Thomas Jech},
	title={Set Theory},
	year={2002},
	publisher={Springer-Verlag Berlin Heidelberg},
	keywords={set-theory}
}
@book{hrbacek:set,
	author={Karel Hrbacek and Thomas Jech},
	title={Introduction to set theory},
	year={1999},
	version={3},
	publisher={Marcel Dekker, Inc.}
}
@book{vidal:conjuntos,
	author={Juan Climent Vidal},
	title={Teoría de Conjuntos},
	year={2010},
	url={https://www.uv.es/~jkliment/Documentos/SetTheory.pc.pdf},
	keywords={set-theory}
}
@book{levy:basic,
	author={Azriel Lévy},
	title={Basic Set Theory},
	year={1979},
	publisher={Dover Publications, Inc.},
	keywords={set-theory}
}
@book{just:discovering,
	author={Winfried Just and Martin Weese},
	title={Discovering Modern Set Theory},
	year={1991},
	publisher={American Mathematical Society},
	keywords={set-theory}
}
@book{hernandez:conjuntos,
	author={Fernando Hernández Hernández},
	title={Teoría de Conjuntos},
	subtitle={Una Introducción},
	year={2003},
	publisher={Sociedad Matemática Mexicana},
	keywords={set-theory}
}

% ============ Teoría de categorías ====================
@book{pareigis:category,
	author={Bodo Pareigis},
	title={Categories and Functors},
	year={1970},
	publisher={Academic Press, Inc.},
	keywords={category}
}
@mvbook{borceux:category,
	author={Francis Borceux},
	title={Handbook of Categorical Algebra},
	volumes={3},
	year={1994},
	publisher={Cambridge University Press},
	keywords={category}
}
@book{awodey:category,
	author={Steve Awodey},
	title={Category Theory},
	year={2010},
	publisher={Oxford University Press},
	keywords={category}
}
@book{freyd:abelian,
	author={Peter Freyd},
	title={Abelian Categories},
	year={1964},
	publisher={Harper \& Row},
	keywords={category}
}
@book{mitchell:categories,
	author={Barry Mitchell},
	title={Theory of Categories},
	year={1965},
	publisher={Academic Press},
	keywords={category}
}
@book{maclane:categories,
	author={Saunders {Mac Lane}},
	title={Categories for the Working Mathematician},
	year={1971},
	publisher={Springer-Verlag New York},
	series={{G}raduate {T}exts in {M}athematics},
	number={5},
	keywords={category}
}

@book{richter:categories,
	author={Birgit Richter},
	title={From Categories to Homotopy Theory},
	year={2020},
	publisher={Cambridge University Press}
}
@book{loregian:coend,
	author={Fosco Loregian},
	title={(Co)end Calculus},
	year={2021},
	archivePrefix={arXiv},
	eprint={1501.02503},
	publisher={Cambridge University Press}
}

@book{etingof:tensor,
	author={Pavel Etingof and Shlomo Gelaki and Dmitri Nikshych and Victor Ostrik},
	title={Tensor categories},
	year={2010},
	publisher={American Mathematical Society},
}

@article{fay:two_square,
	author={Temple H. Fay and Keith A. Hardie and Peter J. Hilton},
	title={The Two-Square Lemma},
	journaltitle={Publ. Math.},
	volume={33},
	pages={133-137},
	doi={https://www.jstor.org/stable/43737121},
	year={1989},
	keywords={category}
}
@article{eilenberg:equivalences,
	author={Samuel Eilenberg and Mac Lane, Saunders},
	title={General theory of natural equivalences},
	journaltitle={Trans. Amer. Math. Soc.},
	doi={10.2307/1990284},
	year={1945},
	keywords={category}
}
@incollection{grothendieck:descente,
     author = {Grothendieck, Alexander},
     title = {Technique de descente et théor\`emes d'existence en g\'eom\'etrie alg\'ebriques. {II.} {Le} th\'eor\`eme d'existence en th\'eorie formelle des modules},
     booktitle = {S\'eminaire Bourbaki : ann\'ees 1958/59 - 1959/60, expos\'es 169-204},
     series = {S\'eminaire Bourbaki},
     publisher = {Soci\'et\'e math\'ematique de France},
     number = {5},
     year = {1960},
     url = {http://www.numdam.org/item/SB_1958-1960__5__369_0/},
     keywords={category}
}

@article{borceux86cauchy,
	author={Francis Borceux and Dominique Dejean},
	title={Cauchy completion in category theory},
	journaltitle={Cahiers de topologie et géométrie différentielle catégoriques},
	volume={27},
	pages={133-146},
	url={http://www.numdam.org/item/?id=CTGDC_1986__27_2_133_0},
	year={1986}
}

% ============ Topoi ===================================
@book{goldblatt:topoi,
	author={Robert Goldblatt},
	title={Topoi},
	subtitle={The Categorial Analysis of Logic},
	year={1984},
	publisher={North-Holland},
	keywords={topoi}
}
@inproceedings{wraith:topoi,
	author={G. C. Wraith},
	title={Lectures on Elementary Topoi},
	booktitle={Model Theory and Topoi},
	editor={F. W. Lawvere and C. Maurer and G. C. Wraith},
	year={1975},
	publisher={Springer-Verlag Berlin Heidelberg},
	keywords={topoi}
}
@article{freyd:topoi,
	author={Peter Freyd},
	title={Aspects of Topoi},
	journaltitle={Bull. Australian Math. Soc.},
	volume={7},
	doi={10.1017/S0004972700044828},
	year={1972},
	keywords={}
}
@book{maclane:sheaves,
	author={Mac Lane, Saunders and Moerdijk, Ieke},
	title={Sheaves in Geometry and Logic},
	year={1992},
	publisher={Springer-Verlag New York},
	keywords={topoi}
}
@book{caramello:theories,
	author={Olivia Caramello},
	title={Theories, Sites, Toposes},
	year={2018},
	publisher={Oxford University Press}
}

@book{kashiwara:sheaves,
	author={Masaki Kashiwara and Pierre Schapira},
	title={Categories and Sheaves},
	year={2006},
	publisher={Springer-Verlag Berlin Heidelberg},
	keywords={sheaves}
}

@book{artin:grothendieck,
	author={Michael Artin},
	title={Grothendieck topologies},
	year={1962},
	publisher={Harvard University}
}
@book{sga1,
	shorthand={SGA 1},
	author={Alexander Grothendieck and Michel Raynaud},
	maintitle={Séminaire de Géométrie Algébrique du Bois-Marie},
	volume={1},
	title={Revêtements étales et groupe fondamental},
	year={1971},
	series={{L}ecture {N}otes in {M}athematics},
	number={224},
	publisher={Springer-Verlag},
}
@book{sga4,
	shorthand={SGA 4},
	author={Alexander Grothendieck and Michael Artin and Jean-Louis Verdier},
	maintitle={Séminaire de Géométrie Algébrique du Bois-Marie},
	volume={4},
	title={Théorie des topos et cohomologie étale des schémas},
	year={1972},
	series={{L}ecture {N}otes in {M}athematics},
	number={269, 270, 305},
	publisher={Springer-Verlag},
}

@book{verdier:derivees,
	author={Jean-Louis Verdier},
	title={Des catégories derivées, des catégories abéliennes},
	year={1996},
	publisher={Astérisque}
}
@book{neeman:triangulated,
	author={Amnon Neeman},
	title={Triangulated Categories},
	year={2001},
	publisher={Princeton University Press}
}

@proceedings{holm:triangulated,
	title={Triangulated Categories},
	editor={Thorsten Holm and Peter Jørgensen and Raphaël Rouquier},
	year={2010},
	publisher={Cambridge University Press},
	organization={University of Leeds},
	series={London Math. Soc. Lecture Note},
	number={375}
}
@inproceedings{krause2010localization,
	author={Henning Krause},
	title={Localization theory for triangulated categories},
	crossref={holm:triangulated},
	pages={161--235},
	doi={10.48550/arXiv.0806.1324},
	year={2010}
}

@book{scholze:condensed,
	author={Peter Scholze},
	title={Lectures on Condensed Mathematics},
	year={2019},
	url={https://people.mpim-bonn.mpg.de/scholze/Condensed.pdf}
}
@book{scholze:analytic,
	author={Peter Scholze},
	title={Lectures on Analytic Geometry},
	year={2019},
	url={https://people.mpim-bonn.mpg.de/scholze/Analytic.pdf}
}
@book{clausen:complex,
	author={Dustin Clausen and Peter Scholze},
	title={Condensed Mathematics and Complex Geometry},
	year={2022},
	url={https://people.mpim-bonn.mpg.de/scholze/Complex.pdf}
}


@article{may01triangulated,
	title = {The Additivity of Traces in Triangulated Categories},
	journaltitle = {Adv. Math.},
	volume = {163},
	number = {1},
	pages = {34-73},
	year = {2001},
	doi = {10.1006/aima.2001.1995},
	author = {J. P. May}
}

@incollection{blass:omega,
	author={Andreas Blass},
	title={Introduction},
	booktitle={{$\Omega$}-Bibliography of Mathematical Logic},
	booksubtitle={Set Theory},
	volume={5},
	editor={Gert H. Müller},
	year={1987},
	publisher={Springer-Verlag Berlin Heidelberg},
	pages={xv-xxx},
	keywords={history, set-theory}
}

@article{mclarty:uses,
	author={Colin McLarty},
	title={The Uses and Abuses of the History of Topos Theory},
	journaltitle={The British Journal for the Philosophy of Science},
	doi={10.2307/687825},
	year={1990},
	keywords={history, topoi}
}
@inproceedings{gray:history,
	author         = {J. W. Gray},
	editor         = {M. P. Fourman and C. J. Mulvey and D. S. Scott},
	title          = {Fragments of the history of sheaf theory},
	date           = {1977},
	booktitle      = {Applications of Sheaves},
	booktitleaddon = {Proceedings of the Reasearch Symposium on Applications of Sheaf Theory to Logic, Algebra and Analysis},
	publisher      = {Springer-Verlag Berlin Heidelberg},
	% location       = {Durham},
	pages          = {2-79},
	keywords       = {history, sheaf_theory}
}
@incollection{marquis:history,
	author = {Jean{-}Pierre Marquis and Gonzalo Reyes},
	title = {The History of Categorical Logic: 1963-1977},
	booktitle = {Handbook of the history of logic},
	editor = {Dov Gabbay and Akihiro Kanamori and John Woods},
	publisher = {Elsevier},
	year = {2011},
	keywords={history, category}
}

@article{maclane:eilenberg,
	author={Mac Lane, Saunders},
	title={Samuel Eilenberg and Categories},
	journaltitle={J. Pure Appl. Alg.},
	volume={168},
	number={2},
	pages={127-131},
	year={2002},
	doi = {10.1016/S0022-4049(01)00092-5},
	keywords={history, category}
}
@article{maclane:yoneda,
	author={Mac Lane, Saunders},
	title={The Yoneda Lemma},
	journaltitle={Math. Jap.},
	volume={47},
	number={1},
	url={https://dmitripavlov.org/scans/yoneda.pdf},
	year={1998},
	keywords={}
}
@article{kinoshita:yoneda,
	author={Yoshiki Kinoshia},
	title={Naburo Yoneda (1930 -- 1996)},
	journaltitle={Math. Jap.},
	volume={47},
	number={1},
	url={https://dmitripavlov.org/scans/yoneda.pdf},
	year={1997},
	keywords={history, category}
}
@book{grothendieck-serre,
	author={Alexandre Grothendieck and Jean-Pierre Serre},
	translator={Catriona Maclean},
	title={Grothendieck-Serre Correspondence},
	year={2001},
	publisher={American Mathematical Society}
}
% @misc{serre-gr:13-jul-1955,
% 	author={Jean-Pierre Serre},
% 	title={Cher Grothendieck},
% 	howpublished={personal communication},
% 	date={1955-jul-13},
% 	location={Paris}
% }

@article{yoneda60ext,
	author={Nobuo Yoneda},
	title={On Ext and exact sequences},
	journaltitle={J. Fac. Sci. Tokyo Sect. I},
	volume={8},
	pages={507-576},
	year={1960}
}

% ============ Teoría de modelos =======================
@book{takeuti:proof,
	author={Gaisi Takeuti},
	title={Proof Theory},
	year={1975},
	publisher={Elsevier Science},
	keywords={model-theory}
}
@book{castillo:logica,
	author={Carlos Ivorra Castillo},
	title={Lógica matemática},
	year={2020},
	url={https://www.uv.es/ivorra/Libros/LM.pdf},
	keywords={model-theory}
}
@book{marker:model,
	title={Model theory},
	author={David Marker},
	subtitle={An introduction},
	year={2002},
	publisher={Springer Verlag New York},
	keywords={model-theory}
}
@book{kunen:foundations,
	author={Kenneth Kunen},
	title={The Foundations of Mathematics},
	year={2009},
	publisher={College Publications},
	isbn={978-1-904987-14-7},
	keywords={model-theory}
}

% ============ Axioma de elección ======================
@book{herrlich:choice,
	author={Horst Herrlich},
	title={Axiom of Choice},
	year={2006},
	publisher={Springer-Verlag Berlin Heidelberg},
	keywords={axiom-choice, topology}
}
@book{rubin:choice,
	author={Herman Rubin and Jean Rubin},
	title={Equivalents of the Axiom of Choice},
	year={1963},
	publisher={North-Holland},
	keywords={axiom-choice}
}
@article{gillman:continuum,
	author={Leonard Gillman},
	title={Two Classical Surprises Concerning the Axiom of Choice and the Continuum Hypothesis},
	journaltitle={Amer. Math. Mon.},
	volume={109},
	doi={10.2307/2695444},
	url={https://www.maa.org/sites/default/files/pdf/upload_library/22/Ford/Gillman544-553.pdf},
	year={2002},
	keywords={axiom-choice}
}

% ============ Auto-referencias ========================
@book{Top,
	author={José Cuevas},
	title={Topología y Análisis},
	year={2022},
	url={https://github.com/JoseCuevasBtos/apuntes-tex/raw/master/topologia-analisis/topologia-analisis.pdf},
	keywords={self_published, number-theory, abstract-alg, set-theory, complex_analysis, algebraic_topology, category}
}
@book{SetTh,
	author={José Cuevas},
	title={Teoría de Conjuntos},
	year={2022},
	url={https://github.com/JoseCuevasBtos/apuntes-tex/raw/master/conjuntos/conjuntos.pdf},
	keywords={self_published, abstract-alg, algebraic_geometry, category}
}
@book{CatTh,
	author={José Cuevas},
	title={Teoría de categorías y álgebra homológica},
	year={2022},
	url={https://github.com/JoseCuevasBtos/apuntes-tex/raw/master/cats/teoria-categorias.pdf},
	keywords={self_published, abstract-alg, algebraic_geometry}
}
@book{Alg,
	author={José Cuevas},
	title={Álgebra},
	year={2022},
	url={https://github.com/JoseCuevasBtos/apuntes-tex/raw/master/algebra/algebra.pdf},
	keywords={self_published, number-theory, set-theory, complex_analysis, algebraic_geometry, category}
}
@book{GeoAlg,
	author={José Cuevas},
	title={Geometría algebraica},
	year={2022},
	url={https://github.com/JoseCuevasBtos/apuntes-tex/raw/master/geo-alg/geometria-algebraica.pdf},
	keywords={self_published, abstract-alg}
}
@book{NumTh,
	author={José Cuevas},
	title={Teoría de Números},
	year={2022},
	url={https://github.com/JoseCuevasBtos/apuntes-tex/raw/master/teo-numeros/main.pdf},
	keywords={self_published, abstract-alg}
}

